3784 5084
341 557 425 659 340
609 543 687 628 Da
712 537 1205 629 DIVINATIONE

399 699 561 804 ciposse
581 696 752 787 confido,
779 699 887 798 quod
909 720 959 774 ne
975 698 1246 801 postulandum
1269 693 1434 801 quidem

403 812 470 906 cli,
482 832 525 891 ur
537 833 675 890 omnes
696 808 951 888 adulescentes
970 810 1007 888 sc
1027 811 1074 888 ad
1093 808 1188 890 haec
1203 808 1321 889 iludia
1339 836 1436 891 con-

400 942 574 1004 vertant:
614 923 723 1023 pauci
747 924 918 997 utinam!
957 939 1130 1023 quotum
1152 939 1286 1001 tamen
1312 923 1357 1001 In
1376 946 1435 1003 re·

399 1038 552 1142 publica
573 1034 648 1110 late
673 1052 800 1133 patcte
823 1034 966 1136 poterit
992 1032 1182 1110 industria.
1236 1033 1434 1134 Equidem

402 1170 450 1230 ex
473 1146 531 1223 hia
555 1146 674 1221 ctiam
710 1142 879 1221 frueium
913 1144 1024 1246 capio
1060 1144 1201 1222 laboris
1234 1144 1329 1236 mei,
1364 1148 1436 1248 qui

401 1258 482 1358 jam
502 1275 623 1335 aetate
643 1255 810 1356 ptoveiii
827 1257 870 1332 in
890 1254 1025 1334 nostris
1045 1255 1150 1333 libris
1169 1247 1437 1355 acquiescunt:

409 1368 424 1418 ⁸
445 1390 616 1470 quorum
639 1366 764 1443 studio
783 1365 936 1467 legendi
957 1386 1092 1448 mcum
1111 1364 1301 1447 scribendi
1320 1364 1439 1446 studI·

394 1502 472 1559 om
501 1478 802 1557 ¹vehementius
826 1476 950 1554 indies
973 1478 1177 1564 incitatur:
1226 1501 1326 1579 quos
1351 1481 1438 1579 qui-

401 1592 496 1669 ‹lem
515 1592 655 1694 plures,
683 1609 803 1687 quam
833 1588 954 1671 rebar.
992 1587 1062 1666 effe
1086 1590 1267 1690 cognovi.
1324 1588 1437 1694 Mag-

402 1700 564 1790 nificum
595 1697 691 1780 illud
723 1700 864 1790 etlam,
906 1700 1172 1801 Romanisque
1209 1697 1437 1778 homiuibus

402 1814 644 1918 gloriosum·
675 1829 718 1889 ut
744 1817 759 1864 ⁵
781 1807 933 1889 Graccis
956 1812 1006 1889 de
1036 1808 1281 1915 philosophia
1316 1811 1439 1891 literit

403 1945 491 2013 non
516 1940 675 2026 egeant:
714 1920 824 2019 quod
848 1920 1028 2022 adsequar
1052 1919 1245 2025 profesio,
1285 1913 1440 2001 stiusti·

403 2054 487 2125 ruta
528 2032 734 2134 perfecero.
796 2028 861 2113 Ac
889 2030 988 2109 mihi
1010 2032 1171 2134 quidem
1195 2033 1440 2137 explicandae

403 2142 670 2250 philosophiae
691 2136 841 2226 causam
869 2142 1007 2227 adtulit
1032 2146 1155 2245 gravis
1179 2148 1283 2223 casua
1306 2142 1439 2223 civita·

402 2260 466 2349 ris,
489 2278 581 2336 cum
605 2256 649 2334 in
671 2256 785 2332 armis
805 2254 980 2333 civilibus
998 2277 1072 2333 nec
1094 2259 1192 2337 tueri
1214 2276 1308 2333 meo
1324 2276 1440 2337 more

404 2365 706 2470 rempublicam,
734 2388 807 2446 nec
840 2362 940 2442 nihil
973 2386 1082 2467 agere
1115 2385 1311 2468 poteram,
1348 2390 1441 2461 nee,

404 2481 499 2581 quid
525 2481 667 2583 potius,
686 2476 796 2577 quod
817 2475 977 2581 quidem
1001 2499 1067 2568 me
1089 2479 1253 2580 dignum
1273 2478 1371 2563 effer.
1400 2501 1438 2556 a·

405 2612 552 2693 gerem,
582 2588 830 2692 reperiebam.
890 2587 1049 2667 Dabunt
1072 2589 1187 2691 Igitur
1210 2586 1309 2667 mihi
1330 2593 1436 2670 veni·

407 2724 473 2799 am
507 2703 586 2784 mci
621 2701 735 2787 cives,
773 2699 836 2779 vel
868 2701 1029 2799 gratiam
1058 2702 1185 2801 potius
1211 2698 1437 2794 habebunt,

406 2809 530 2913 quod,
558 2830 651 2887 cum
673 2806 762 2885 essct
777 2814 799 2861 ⁴
817 2810 859 2884 in
879 2811 992 2888 unius
1012 2809 1195 2913 potestate
1213 2812 1471 2916 respublicae

1310 2947 1442 3026 neque

327 3070 330 3073 ’
403 3023 755 3174 rufutiiliniiiiii
763 3022 907 3161 'ltili
933 3021 1353 3182 lili'll¹¹i?⁸1‘3‘.·l³?¹¹l:
1375 3032 1439 3166 lit

407 3184 489 3241 MSto
498 3182 649 3246 rrarloiano,
667 3178 701 3236 ad
715 3198 813 3239 vocem
825 3180 907 3237 citare
934 3194 1029 3240 autem
1042 3180 1111 3241 harre
1119 3184 1437 3259 amarmqmssimrtrq

407 3260 445 3320 stc
459 3258 581 3318 laudatur
596 3258 675 3316 hicce
687 3255 776 3316 locus:
797 3275 909 3334 quorum
937 3290 972 3305 -
982 3257 1040 3338 ferr
1062 3278 1081 3316 a
1103 3258 1172 3317 nabis
1203 3261 1364 3337 replicatam
1392 3261 1439 3341 msa

406 3331 527 3397 studium
540 3335 638 3411 legendi
653 3352 710 3391 non
717 3332 844 3410 scribendi
849 3333 909 3407 siu·
937 3332 977 3392 his
997 3336 1082 3395 literis
1097 3335 1274 3397 arbitramur.
1313 3338 1354 3399 Ibi
1375 3341 1439 3419 qui÷

407 3416 481 3481 dium
509 3410 689 3473 vrbernrntius
715 3412 792 3478 indier
815 3411 908 3469 citant.
936 3413 1002 3471 dem
1019 3412 1116 3473 Ellens.
1129 3412 1210 3473 lrabet
1227 3412 1268 3473 hir
1291 3414 1378 3487 ir'brlrr
1401 3430 1441 3487 ar,

407 3497 484 3572 Lege
502 3510 592 3553 mrum
621 3486 731 3549 cribrari
773 3486 907 3550 adiurna-
936 3503 975 3550 uti
1000 3491 1119 3559 videtur.
1144 3491 1183 3550 eii
1204 3492 1349 3563 Glossema
1384 3500 1441 3553 aa·

401 3604 444 3622 ,-
461 3573 539 3630 citat.
621 3583 700 3627 erum
745 3566 910 3641 cripturam.
935 3567 1058 3645 linarias.
1080 3567 1115 3627 de
1134 3567 1269 3629 nonnullis
1284 3572 1331 3651 qui
1343 3586 1440 3631 contra

408 3667 492 3725 quam
520 3666 584 3726 prae
606 3644 634 3705 se
660 3643 752 3718 ferunt
783 3643 910 3710 Ciceronis
937 3643 1103 3718 Christianos
1130 3644 1298 3724 scripserant,
1329 3647 1378 3721 lib.
1399 3653 1438 3710 V.

409 3725 539 3793 Codices,
550 3727 672 3783 Noniano
688 3719 830 3781 meliorem
846 3737 910 3778 cen·
937 3739 969 3788 ca
991 3761 998 3779 .
1020 3740 1049 3796 4.
1084 3730 1164 3790 cum,
1189 3727 1320 3801 praesim
1341 3745 1386 3792 rare
1406 3746 1440 3785 ac

410 3801 466 3880 seo.
495 3807 608 3861 Dauies.
938 3739 1044 3872 pirre,
1052 3800 1195 3878 ficrilegar
1207 3801 1376 3875 suariiterar
1391 3824 1439 3862 rx-

449 3897 466 3933 2
484 3877 663 3950 Vehementius
675 3874 754 3938 iacies
767 3874 910 3949 incitatur]
934 3874 1074 3959 plicaffint.
1110 3880 1146 3936 Et
1161 3897 1220 3956 cap.
1234 3898 1294 3945 xm,
1315 3900 1326 3937 r
1331 3901 1359 3956 5.
1369 3889 1440 3940 Suae

410 3958 510 4036 Nonius
525 3956 592 4033 legit
601 3960 711 4021 eitattrr,
724 3955 756 4015 jn
776 3952 860 4011 verbo
875 3955 912 4009 ci·
937 3952 993 4009 iiior
1007 3972 1040 4011 ac
1051 3955 1162 4031 ficorum
1177 3955 1268 4016 literae
1280 3974 1437 4035 coarguant.

405 4047 481 4107 pare.
519 4030 677 4105 Lambinus.
938 4031 1099 4107 Augustinus
1119 4034 1239 4092 Retratt.
1263 4034 1309 4091 lib.
1331 4037 1356 4110 Ι,
1378 4053 1440 4111 cap.

456 4131 471 4187 3
494 4111 600 4185 (irrepis
621 4110 653 4184 {a
679 4103 834 4191 fbiiofipbip
852 4104 912 4180 lite·
937 4127 967 4201 p.
984 4116 1038 4169 Hac
1049 4107 1220 4201 recolendum,
1235 4110 1382 4247 pbicqrrgulr
1391 4112 1443 4205 istp

1213 4201 1217 4239 1
1376 4204 1446 4259 ocur,
