<?xml version="1.0" encoding="UTF-8"?>
<!DOCTYPE html PUBLIC "-//W3C//DTD XHTML 1.0 Transitional//EN"
    "http://www.w3.org/TR/xhtml1/DTD/xhtml1-transitional.dtd">
<html xmlns="http://www.w3.org/1999/xhtml" xml:lang="en" lang="en">
 <head>
  <title>
</title>
<meta http-equiv="Content-Type" content="text/html;charset=utf-8" />
  <meta name='ocr-system' content='tesseract 3.04.00' />
  <meta name='ocr-capabilities' content='ocr_page ocr_carea ocr_par ocr_line ocrx_word'/>
</head>
<body>
  <div class='ocr_page' id='page_1' title='image "./mtulliiciceroni00turngoog_0142.png"; bbox 0 0 3784 5084; ppageno 0'>
   <div class='ocr_carea' id='block_1_1' title="bbox 401 519 1262 642">
    <p class='ocr_par' dir='ltr' id='par_1_1' title="bbox 401 519 1262 642">
     <span class='ocr_line' id='line_1_1' title="bbox 401 519 1262 642; baseline -0.013 -31"><span class='ocrx_word' id='word_1_1' title='bbox 401 534 483 642; x_wconf 65' lang='grc' dir='ltr'>’ῳ</span> <span class='ocrx_word' id='word_1_2' title='bbox 664 519 1262 605; x_wconf 74' lang='lat' dir='ltr'>urotvrunrrour</span> 
     </span>
    </p>
   </div>
   <div class='ocr_carea' id='block_1_2' title="bbox 398 672 1550 3122">
    <p class='ocr_par' dir='ltr' id='par_1_2' title="bbox 407 672 1517 1565">
     <span class='ocr_line' id='line_1_2' title="bbox 472 672 1495 771; baseline -0.002 -13"><span class='ocrx_word' id='word_1_3' title='bbox 472 672 704 758; x_wconf 76' lang='lat' dir='ltr'>‘vetiirmile</span> <span class='ocrx_word' id='word_1_4' title='bbox 737 678 789 755; x_wconf 86' lang='lat' dir='ltr'>est</span> <span class='ocrx_word' id='word_1_5' title='bbox 822 701 951 756; x_wconf 90' lang='lat' dir='ltr'>rerum</span> <span class='ocrx_word' id='word_1_6' title='bbox 976 677 1191 756; x_wconf 86' lang='lat' dir='ltr'>futurarum</span> <span class='ocrx_word' id='word_1_7' title='bbox 1219 676 1325 757; x_wconf 88' lang='lat' dir='ltr'>cerni</span> <span class='ocrx_word' id='word_1_8' title='bbox 1347 676 1395 756; x_wconf 91' lang='lat' dir='ltr'>ab</span> <span class='ocrx_word' id='word_1_9' title='bbox 1421 674 1495 771; x_wconf 57' lang='lat' dir='ltr'>his}</span> 
     </span>
     <span class='ocr_line' id='line_1_3' title="bbox 466 792 1495 893; baseline 0 -24"><span class='ocrx_word' id='word_1_10' title='bbox 466 794 535 893; x_wconf 87' lang='lat' dir='ltr'>qui</span> <span class='ocrx_word' id='word_1_11' title='bbox 557 810 619 867; x_wconf 88' lang='lat' dir='ltr'>aut</span> <span class='ocrx_word' id='word_1_12' title='bbox 640 815 706 892; x_wconf 95' lang='lat' dir='ltr'>per</span> <span class='ocrx_word' id='word_1_13' title='bbox 731 792 903 868; x_wconf 87' lang='lat' dir='ltr'>furorem</span> <span class='ocrx_word' id='word_1_14' title='bbox 930 812 990 865; x_wconf 87' lang='lat' dir='ltr'>eas</span> <span class='ocrx_word' id='word_1_15' title='bbox 1015 810 1079 867; x_wconf 87' lang='lat' dir='ltr'>aut</span> <span class='ocrx_word' id='word_1_16' title='bbox 1108 793 1302 891; x_wconf 89' lang='lat' dir='ltr'>inquiete</span> <span class='ocrx_word' id='word_1_17' title='bbox 1326 792 1495 869; x_wconf 86' lang='lat' dir='ltr'>videant.</span> 
     </span>
     <span class='ocr_line' id='line_1_4' title="bbox 407 898 1500 1003; baseline -0.007 -18"><span class='ocrx_word' id='word_1_18' title='bbox 407 907 660 997; x_wconf 74' lang='lat' dir='ltr'>sol’raeterea</span> <span class='ocrx_word' id='word_1_19' title='bbox 695 924 786 979; x_wconf 91' lang='lat' dir='ltr'>cum</span> <span class='ocrx_word' id='word_1_20' title='bbox 810 903 892 978; x_wconf 81' lang='lat' dir='ltr'>fato</span> <span class='ocrx_word' id='word_1_21' title='bbox 916 904 1051 979; x_wconf 88' lang='lat' dir='ltr'>omnia</span> <span class='ocrx_word' id='word_1_22' title='bbox 1083 898 1189 993; x_wconf 88' lang='lat' dir='ltr'>siant,</span> <span class='ocrx_word' id='word_1_23' title='bbox 1231 900 1287 994; x_wconf 91' lang='lat' dir='ltr'>(id</span> <span class='ocrx_word' id='word_1_24' title='bbox 1321 903 1432 1003; x_wconf 90' lang='lat' dir='ltr'>quod</span> <span class='ocrx_word' id='word_1_25' title='bbox 1461 924 1500 977; x_wconf 90' lang='lat' dir='ltr'>a·</span> 
     </span>
     <span class='ocr_line' id='line_1_5' title="bbox 467 1007 1499 1116; baseline -0.008 -19"><span class='ocrx_word' id='word_1_26' title='bbox 467 1018 525 1097; x_wconf 89' lang='lat' dir='ltr'>lio</span> <span class='ocrx_word' id='word_1_27' title='bbox 554 1014 647 1089; x_wconf 91' lang='lat' dir='ltr'>loco</span> <span class='ocrx_word' id='word_1_28' title='bbox 674 1013 916 1115; x_wconf 84' lang='lat' dir='ltr'>ostendetur)</span> <span class='ocrx_word' id='word_1_29' title='bbox 964 1025 979 1057; x_wconf 86' lang='lat'><strong>¹</strong></span> <span class='ocrx_word' id='word_1_30' title='bbox 1002 1010 1025 1089; x_wconf 84' lang='lat' dir='ltr'>st</span> <span class='ocrx_word' id='word_1_31' title='bbox 1051 1018 1136 1115; x_wconf 90' lang='lat' dir='ltr'>quis</span> <span class='ocrx_word' id='word_1_32' title='bbox 1173 1016 1347 1091; x_wconf 87' lang='lat' dir='ltr'>mortalis</span> <span class='ocrx_word' id='word_1_33' title='bbox 1380 1007 1499 1116; x_wconf 84' lang='lat' dir='ltr'>poffit</span> 
     </span>
     <span class='ocr_line' id='line_1_6' title="bbox 469 1124 1501 1228; baseline -0.002 -24"><span class='ocrx_word' id='word_1_34' title='bbox 469 1124 541 1205; x_wconf 76' lang='lat' dir='ltr'>effe</span> <span class='ocrx_word' id='word_1_35' title='bbox 559 1127 634 1224; x_wconf 81' lang='lat' dir='ltr'>qui·</span> <span class='ocrx_word' id='word_1_36' title='bbox 650 1126 954 1226; x_wconf 80' lang='lat' dir='ltr'><strong>conligationem</strong></span> <span class='ocrx_word' id='word_1_37' title='bbox 986 1131 1179 1202; x_wconf 86' lang='lat' dir='ltr'>caularum</span> <span class='ocrx_word' id='word_1_38' title='bbox 1209 1128 1392 1203; x_wconf 89' lang='lat' dir='ltr'>omnium</span> <span class='ocrx_word' id='word_1_39' title='bbox 1417 1148 1501 1228; x_wconf 90' lang='lat' dir='ltr'>per·</span> 
     </span>
     <span class='ocr_line' id='line_1_7' title="bbox 469 1236 1517 1340; baseline -0.003 -24"><span class='ocrx_word' id='word_1_40' title='bbox 469 1238 599 1340; x_wconf 87' lang='lat' dir='ltr'>spiciat</span> <span class='ocrx_word' id='word_1_41' title='bbox 623 1238 769 1317; x_wconf 82' lang='lat' dir='ltr'>animo,</span> <span class='ocrx_word' id='word_1_42' title='bbox 808 1238 905 1313; x_wconf 89' lang='lat' dir='ltr'>nihil</span> <span class='ocrx_word' id='word_1_43' title='bbox 940 1260 1032 1313; x_wconf 91' lang='lat' dir='ltr'>eum</span> <span class='ocrx_word' id='word_1_44' title='bbox 1059 1237 1232 1339; x_wconf 72' lang='lat' dir='ltr'>profesio</span> <span class='ocrx_word' id='word_1_45' title='bbox 1254 1236 1386 1314; x_wconf 84' lang='lat' dir='ltr'>fallat:</span> <span class='ocrx_word' id='word_1_46' title='bbox 1408 1329 1411 1335; x_wconf 20' lang='grc' dir='ltr'>Ι</span> <span class='ocrx_word' id='word_1_47' title='bbox 1432 1236 1517 1336; x_wconf 64' lang='lat' dir='ltr'>quir</span> 
     </span>
     <span class='ocr_line' id='line_1_8' title="bbox 470 1348 1504 1454; baseline -0.003 -27"><span class='ocrx_word' id='word_1_48' title='bbox 470 1352 579 1427; x_wconf 86' lang='lat' dir='ltr'>enim</span> <span class='ocrx_word' id='word_1_49' title='bbox 601 1364 729 1424; x_wconf 90' lang='lat' dir='ltr'>teneat</span> <span class='ocrx_word' id='word_1_50' title='bbox 751 1349 876 1425; x_wconf 81' lang='lat' dir='ltr'>causas</span> <span class='ocrx_word' id='word_1_51' title='bbox 899 1370 1027 1424; x_wconf 90' lang='lat' dir='ltr'>rerum</span> <span class='ocrx_word' id='word_1_52' title='bbox 1049 1348 1277 1454; x_wconf 75' lang='lat' dir='ltr'>suturarum,</span> <span class='ocrx_word' id='word_1_53' title='bbox 1308 1349 1414 1427; x_wconf 89' lang='lat' dir='ltr'>idem</span> <span class='ocrx_word' id='word_1_54' title='bbox 1436 1370 1504 1425; x_wconf 90' lang='lat' dir='ltr'>ue·</span> 
     </span>
     <span class='ocr_line' id='line_1_9' title="bbox 472 1456 1503 1565; baseline -0.005 -26"><span class='ocrx_word' id='word_1_55' title='bbox 472 1460 568 1539; x_wconf 82' lang='lat' dir='ltr'>celle</span> <span class='ocrx_word' id='word_1_56' title='bbox 594 1457 644 1534; x_wconf 91' lang='lat' dir='ltr'>est</span> <span class='ocrx_word' id='word_1_57' title='bbox 668 1461 803 1534; x_wconf 90' lang='lat' dir='ltr'>omnia</span> <span class='ocrx_word' id='word_1_58' title='bbox 825 1478 952 1536; x_wconf 83' lang='lat' dir='ltr'>teneat</span> <span class='ocrx_word' id='word_1_59' title='bbox 976 1482 1073 1559; x_wconf 89' lang='lat' dir='ltr'>quae</span> <span class='ocrx_word' id='word_1_60' title='bbox 1098 1458 1225 1537; x_wconf 87' lang='lat' dir='ltr'>fututa</span> <span class='ocrx_word' id='word_1_61' title='bbox 1244 1456 1326 1537; x_wconf 89' lang='lat' dir='ltr'>stnt.</span> <span class='ocrx_word' id='word_1_62' title='bbox 1380 1456 1503 1565; x_wconf 83' lang='lat' dir='ltr'>Qrod</span> 
     </span>
    </p>

    <p class='ocr_par' dir='ltr' id='par_1_3' title="bbox 398 1564 1550 3122">
     <span class='ocr_line' id='line_1_10' title="bbox 471 1564 1550 1672; baseline -0.005 -22"><span class='ocrx_word' id='word_1_63' title='bbox 471 1594 564 1649; x_wconf 89' lang='lat' dir='ltr'>cum</span> <span class='ocrx_word' id='word_1_64' title='bbox 590 1593 712 1646; x_wconf 91' lang='lat' dir='ltr'>nemo</span> <span class='ocrx_word' id='word_1_65' title='bbox 733 1565 951 1668; x_wconf 81' lang='lat' dir='ltr'>facere,oifi</span> <span class='ocrx_word' id='word_1_66' title='bbox 978 1573 1093 1661; x_wconf 91' lang='lat' dir='ltr'>Deus,</span> <span class='ocrx_word' id='word_1_67' title='bbox 1114 1564 1255 1672; x_wconf 84' lang='lat' dir='ltr'>poffit3</span> <span class='ocrx_word' id='word_1_68' title='bbox 1283 1572 1505 1669; x_wconf 91' lang='lat' dir='ltr'>relinquen·</span> <span class='ocrx_word' id='word_1_69' title='bbox 1549 1618 1550 1621; x_wconf 18' lang='grc' dir='ltr'><strong><em>κ</em></strong></span> 
     </span>
     <span class='ocr_line' id='line_1_11' title="bbox 474 1676 1505 1783; baseline -0.003 -22"><span class='ocrx_word' id='word_1_70' title='bbox 474 1684 571 1761; x_wconf 89' lang='lat' dir='ltr'>dum</span> <span class='ocrx_word' id='word_1_71' title='bbox 604 1681 654 1757; x_wconf 88' lang='lat' dir='ltr'>est</span> <span class='ocrx_word' id='word_1_72' title='bbox 689 1680 866 1770; x_wconf 86' lang='lat' dir='ltr'>homini,</span> <span class='ocrx_word' id='word_1_73' title='bbox 904 1699 946 1758; x_wconf 92' lang='lat' dir='ltr'>ut</span> <span class='ocrx_word' id='word_1_74' title='bbox 978 1676 1088 1783; x_wconf 79' lang='lat' dir='ltr'>figaris</span> <span class='ocrx_word' id='word_1_75' title='bbox 1117 1680 1505 1782; x_wconf 86' lang='lat' dir='ltr'>quibusdam&#39;consc·</span> 
     </span>
     <span class='ocr_line' id='line_1_12' title="bbox 475 1792 1506 1895; baseline -0.004 -23"><span class='ocrx_word' id='word_1_76' title='bbox 475 1796 633 1895; x_wconf 83' lang='lat' dir='ltr'>quentia</span> <span class='ocrx_word' id='word_1_77' title='bbox 657 1792 934 1870; x_wconf 85' lang='lat' dir='ltr'>declarantibus</span> <span class='ocrx_word' id='word_1_78' title='bbox 965 1792 1091 1870; x_wconf 84' lang='lat' dir='ltr'>futura</span> <span class='ocrx_word' id='word_1_79' title='bbox 1115 1792 1363 1895; x_wconf 82' lang='lat' dir='ltr'>praesentiat:</span> <span class='ocrx_word' id='word_1_80' title='bbox 1420 1815 1506 1869; x_wconf 89' lang='lat' dir='ltr'>non</span> 
     </span>
     <span class='ocr_line' id='line_1_13' title="bbox 476 1900 1509 2001; baseline -0.003 -18"><span class='ocrx_word' id='word_1_81' title='bbox 476 1904 584 1983; x_wconf 91' lang='lat' dir='ltr'>enim</span> <span class='ocrx_word' id='word_1_82' title='bbox 606 1905 672 1978; x_wconf 90' lang='lat' dir='ltr'>illa</span> <span class='ocrx_word' id='word_1_83' title='bbox 684 1923 781 2001; x_wconf 83' lang='lat' dir='ltr'>quae</span> <span class='ocrx_word' id='word_1_84' title='bbox 802 1902 930 1981; x_wconf 91' lang='lat' dir='ltr'>futura</span> <span class='ocrx_word' id='word_1_85' title='bbox 951 1904 1049 1998; x_wconf 90' lang='lat' dir='ltr'>sunt,</span> <span class='ocrx_word' id='word_1_86' title='bbox 1078 1905 1206 1982; x_wconf 91' lang='lat' dir='ltr'>subito</span> <span class='ocrx_word' id='word_1_87' title='bbox 1230 1903 1416 1995; x_wconf 73' lang='lat' dir='ltr'>existuntr</span> <span class='ocrx_word' id='word_1_88' title='bbox 1443 1900 1509 1981; x_wconf 87' lang='lat' dir='ltr'>sed</span> 
     </span>
     <span class='ocr_line' id='line_1_14' title="bbox 478 2007 1507 2117; baseline -0.001 -26"><span class='ocrx_word' id='word_1_89' title='bbox 478 2015 528 2093; x_wconf 87' lang='lat' dir='ltr'>est</span> <span class='ocrx_word' id='word_1_90' title='bbox 546 2007 657 2113; x_wconf 86' lang='lat' dir='ltr'>quast</span> <span class='ocrx_word' id='word_1_91' title='bbox 674 2015 844 2091; x_wconf 88' lang='lat' dir='ltr'>rudentis</span> <span class='ocrx_word' id='word_1_92' title='bbox 862 2018 1077 2117; x_wconf 83' lang='lat' dir='ltr'>explicatio,</span> <span class='ocrx_word' id='word_1_93' title='bbox 1096 2024 1110 2073; x_wconf 74' lang='lat'>³</span> <span class='ocrx_word' id='word_1_94' title='bbox 1133 2012 1181 2094; x_wconf 78' lang='lat' dir='ltr'>fic</span> <span class='ocrx_word' id='word_1_95' title='bbox 1200 2018 1393 2097; x_wconf 75' lang='lat' dir='ltr'>traaunro-</span> <span class='ocrx_word' id='word_1_96' title='bbox 1408 2036 1507 2092; x_wconf 89' lang='lat' dir='ltr'>tem·</span> 
     </span>
     <span class='ocr_line' id='line_1_15' title="bbox 478 2121 1508 2230; baseline 0.005 -30"><span class='ocrx_word' id='word_1_97' title='bbox 478 2128 581 2229; x_wconf 89' lang='lat' dir='ltr'>potis</span> <span class='ocrx_word' id='word_1_98' title='bbox 611 2121 710 2200; x_wconf 87' lang='lat' dir='ltr'>nihil</span> <span class='ocrx_word' id='word_1_99' title='bbox 731 2128 825 2201; x_wconf 91' lang='lat' dir='ltr'>novi</span> <span class='ocrx_word' id='word_1_100' title='bbox 856 2121 1057 2205; x_wconf 88' lang='lat' dir='ltr'>efficientis</span> <span class='ocrx_word' id='word_1_101' title='bbox 1080 2133 1119 2207; x_wconf 82' lang='lat' dir='ltr'>dc</span> <span class='ocrx_word' id='word_1_102' title='bbox 1145 2131 1314 2228; x_wconf 91' lang='lat' dir='ltr'>primum</span> <span class='ocrx_word' id='word_1_103' title='bbox 1334 2129 1508 2230; x_wconf 81' lang='lat' dir='ltr'>quidque</span> 
     </span>
     <span class='ocr_line' id='line_1_16' title="bbox 398 2236 1510 2342; baseline 0.003 -27"><span class='ocrx_word' id='word_1_104' title='bbox 398 2278 401 2283; x_wconf 94' lang='lat'><em>·</em></span> <span class='ocrx_word' id='word_1_105' title='bbox 478 2238 705 2337; x_wconf 84' lang='lat' dir='ltr'>replicantis.</span> <span class='ocrx_word' id='word_1_106' title='bbox 763 2236 949 2342; x_wconf 77' lang='lat' dir='ltr'>Quod&amp;</span> <span class='ocrx_word' id='word_1_107' title='bbox 982 2238 1022 2315; x_wconf 89' lang='lat' dir='ltr'>hi</span> <span class='ocrx_word' id='word_1_108' title='bbox 1050 2242 1196 2331; x_wconf 90' lang='lat' dir='ltr'>vident,</span> <span class='ocrx_word' id='word_1_109' title='bbox 1225 2241 1363 2340; x_wconf 89' lang='lat' dir='ltr'>quibus</span> <span class='ocrx_word' id='word_1_110' title='bbox 1396 2256 1510 2318; x_wconf 70' lang='lat' dir='ltr'>natu«</span> 
     </span>
     <span class='ocr_line' id='line_1_17' title="bbox 479 2346 1510 2451; baseline 0.001 -26"><span class='ocrx_word' id='word_1_111' title='bbox 479 2350 565 2425; x_wconf 88' lang='lat' dir='ltr'>ralis</span> <span class='ocrx_word' id='word_1_112' title='bbox 588 2346 774 2423; x_wconf 88' lang='lat' dir='ltr'>divinatio</span> <span class='ocrx_word' id='word_1_113' title='bbox 790 2350 874 2424; x_wconf 87' lang='lat' dir='ltr'>data</span> <span class='ocrx_word' id='word_1_114' title='bbox 894 2349 965 2437; x_wconf 79' lang='lat' dir='ltr'>cst3</span> <span class='ocrx_word' id='word_1_115' title='bbox 1001 2354 1039 2428; x_wconf 91' lang='lat'>&amp;</span> <span class='ocrx_word' id='word_1_116' title='bbox 1061 2351 1114 2443; x_wconf 88' lang='lat' dir='ltr'>hl,</span> <span class='ocrx_word' id='word_1_117' title='bbox 1144 2353 1280 2451; x_wconf 88' lang='lat' dir='ltr'>quibus</span> <span class='ocrx_word' id='word_1_118' title='bbox 1303 2351 1429 2429; x_wconf 89' lang='lat' dir='ltr'>cursus</span> <span class='ocrx_word' id='word_1_119' title='bbox 1453 2372 1510 2427; x_wconf 92' lang='lat' dir='ltr'>te·</span> 
     </span>
     <span class='ocr_line' id='line_1_18' title="bbox 479 2458 1509 2564; baseline -0.002 -26"><span class='ocrx_word' id='word_1_120' title='bbox 479 2481 569 2538; x_wconf 91' lang='lat' dir='ltr'>tum</span> <span class='ocrx_word' id='word_1_121' title='bbox 591 2458 830 2535; x_wconf 82' lang='lat' dir='ltr'>observando</span> <span class='ocrx_word' id='word_1_122' title='bbox 852 2479 1006 2538; x_wconf 88' lang='lat' dir='ltr'>notatus</span> <span class='ocrx_word' id='word_1_123' title='bbox 1026 2462 1100 2541; x_wconf 88' lang='lat' dir='ltr'>cst:</span> <span class='ocrx_word' id='word_1_124' title='bbox 1130 2467 1196 2564; x_wconf 91' lang='lat' dir='ltr'>qui</span> <span class='ocrx_word' id='word_1_125' title='bbox 1220 2458 1286 2539; x_wconf 88' lang='lat' dir='ltr'>etst</span> <span class='ocrx_word' id='word_1_126' title='bbox 1308 2463 1431 2546; x_wconf 84' lang='lat' dir='ltr'>causas</span> <span class='ocrx_word' id='word_1_127' title='bbox 1454 2462 1509 2564; x_wconf 89' lang='lat' dir='ltr'>ip·</span> 
     </span>
     <span class='ocr_line' id='line_1_19' title="bbox 481 2568 1510 2675; baseline 0.002 -28"><span class='ocrx_word' id='word_1_128' title='bbox 481 2574 535 2647; x_wconf 89' lang='lat' dir='ltr'>sas</span> <span class='ocrx_word' id='word_1_129' title='bbox 558 2592 641 2647; x_wconf 94' lang='lat' dir='ltr'>non</span> <span class='ocrx_word' id='word_1_130' title='bbox 667 2588 841 2651; x_wconf 86' lang='lat' dir='ltr'>cernunt,</span> <span class='ocrx_word' id='word_1_131' title='bbox 880 2568 982 2675; x_wconf 82' lang='lat' dir='ltr'>figna</span> <span class='ocrx_word' id='word_1_132' title='bbox 1005 2592 1136 2651; x_wconf 88' lang='lat' dir='ltr'>tamen</span> <span class='ocrx_word' id='word_1_133' title='bbox 1157 2574 1352 2652; x_wconf 89' lang='lat' dir='ltr'>causatum</span> <span class='ocrx_word' id='word_1_134' title='bbox 1379 2578 1418 2654; x_wconf 90' lang='lat'>&amp;</span> <span class='ocrx_word' id='word_1_135' title='bbox 1439 2594 1510 2650; x_wconf 91' lang='lat' dir='ltr'>no·</span> 
     </span>
     <span class='ocr_line' id='line_1_20' title="bbox 480 2680 1511 2782; baseline 0.004 -26"><span class='ocrx_word' id='word_1_136' title='bbox 480 2700 537 2756; x_wconf 89' lang='lat' dir='ltr'>tas</span> <span class='ocrx_word' id='word_1_137' title='bbox 562 2701 749 2756; x_wconf 87' lang='lat' dir='ltr'>cernunt:</span> <span class='ocrx_word' id='word_1_138' title='bbox 791 2680 839 2756; x_wconf 91' lang='lat' dir='ltr'>ad</span> <span class='ocrx_word' id='word_1_139' title='bbox 861 2705 968 2782; x_wconf 88' lang='lat' dir='ltr'>quas,</span> <span class='ocrx_word' id='word_1_140' title='bbox 997 2683 1164 2762; x_wconf 85' lang='lat' dir='ltr'>adhibita</span> <span class='ocrx_word' id='word_1_141' title='bbox 1187 2688 1377 2764; x_wconf 88' lang='lat' dir='ltr'>memoria</span> <span class='ocrx_word' id='word_1_142' title='bbox 1396 2687 1436 2763; x_wconf 74' lang='grc' dir='ltr'>δι</span> <span class='ocrx_word' id='word_1_143' title='bbox 1455 2682 1511 2760; x_wconf 92' lang='lat' dir='ltr'>di·</span> 
     </span>
     <span class='ocr_line' id='line_1_21' title="bbox 484 2790 1514 2897; baseline 0.008 -32"><span class='ocrx_word' id='word_1_144' title='bbox 484 2790 654 2891; x_wconf 79' lang='lat' dir='ltr'>rigentia,</span> <span class='ocrx_word' id='word_1_145' title='bbox 669 2814 713 2864; x_wconf 88' lang='lat' dir='ltr'>ex</span> <span class='ocrx_word' id='word_1_146' title='bbox 738 2796 1003 2870; x_wconf 88' lang='lat' dir='ltr'>monumentis</span> <span class='ocrx_word' id='word_1_147' title='bbox 1027 2792 1260 2897; x_wconf 86' lang='lat' dir='ltr'>superiorum</span> <span class='ocrx_word' id='word_1_148' title='bbox 1284 2790 1448 2874; x_wconf 88' lang='lat' dir='ltr'>efficitur</span> <span class='ocrx_word' id='word_1_149' title='bbox 1468 2816 1514 2873; x_wconf 84' lang='lat' dir='ltr'>ea</span> 
     </span>
     <span class='ocr_line' id='line_1_22' title="bbox 485 2900 1514 3013; baseline 0.008 -35"><span class='ocrx_word' id='word_1_150' title='bbox 485 2900 673 2979; x_wconf 87' lang='lat' dir='ltr'>divinatio</span> <span class='ocrx_word' id='word_1_151' title='bbox 695 2923 791 3001; x_wconf 86' lang='lat' dir='ltr'>quae</span> <span class='ocrx_word' id='word_1_152' title='bbox 818 2901 1015 2983; x_wconf 88' lang='lat' dir='ltr'>artificiosa</span> <span class='ocrx_word' id='word_1_153' title='bbox 1038 2908 1190 3001; x_wconf 85' lang='lat' dir='ltr'>dicitur,</span> <span class='ocrx_word' id='word_1_154' title='bbox 1220 2929 1414 3013; x_wconf 66' lang='lat' dir='ltr'>cattorum,</span> <span class='ocrx_word' id='word_1_155' title='bbox 1441 2906 1514 2986; x_wconf 90' lang='lat' dir='ltr'>ful·</span> 
     </span>
     <span class='ocr_line' id='line_1_23' title="bbox 1359 3040 1514 3122; baseline -0.006 -26"><span class='ocrx_word' id='word_1_156' title='bbox 1359 3040 1514 3122; x_wconf 84' lang='lat' dir='ltr'>gutum,</span> 
     </span>
    </p>
   </div>
   <div class='ocr_carea' id='block_1_3' title="bbox 486 3152 1536 4268">
    <p class='ocr_par' dir='ltr' id='par_1_4' title="bbox 486 3152 1536 4268">
     <span class='ocr_line' id='line_1_24' title="bbox 532 3152 1516 3246; baseline 0.012 -34"><span class='ocrx_word' id='word_1_157' title='bbox 532 3152 760 3236; x_wconf 71' lang='lat' dir='ltr'>rs&#39;err&#39;fimiletji]</span> <span class='ocrx_word' id='word_1_158' title='bbox 780 3158 914 3219; x_wconf 87' lang='lat' dir='ltr'>Ordinem</span> <span class='ocrx_word' id='word_1_159' title='bbox 928 3181 986 3220; x_wconf 79' lang='lat' dir='ltr'>ver·</span> <span class='ocrx_word' id='word_1_160' title='bbox 1020 3166 1080 3224; x_wconf 83' lang='lat' dir='ltr'>novi</span> <span class='ocrx_word' id='word_1_161' title='bbox 1094 3168 1237 3226; x_wconf 86' lang='lat' dir='ltr'>efficientis</span> <span class='ocrx_word' id='word_1_162' title='bbox 1261 3166 1296 3238; x_wconf 72' lang='grc' dir='ltr'>ὁ·</span> <span class='ocrx_word' id='word_1_163' title='bbox 1308 3168 1426 3246; x_wconf 78' lang='lat' dir='ltr'>primum</span> <span class='ocrx_word' id='word_1_164' title='bbox 1459 3163 1516 3224; x_wconf 74' lang='lat' dir='ltr'>teil·</span> 
     </span>
     <span class='ocr_line' id='line_1_25' title="bbox 489 3186 1517 3324; baseline 0.016 -35"><span class='ocrx_word' id='word_1_165' title='bbox 489 3232 590 3290; x_wconf 87' lang='lat' dir='ltr'>borum</span> <span class='ocrx_word' id='word_1_166' title='bbox 605 3242 631 3291; x_wconf 77' lang='lat' dir='ltr'>dc</span> <span class='ocrx_word' id='word_1_167' title='bbox 652 3233 809 3292; x_wconf 82' lang='lat' dir='ltr'>sententiam</span> <span class='ocrx_word' id='word_1_168' title='bbox 835 3236 928 3302; x_wconf 81' lang='lat' dir='ltr'>secuti,</span> <span class='ocrx_word' id='word_1_169' title='bbox 954 3243 989 3300; x_wconf 87' lang='lat' dir='ltr'>stc</span> <span class='ocrx_word' id='word_1_170' title='bbox 1020 3259 1069 3321; x_wconf 83' lang='lat' dir='ltr'>que</span> <span class='ocrx_word' id='word_1_171' title='bbox 1086 3246 1259 3324; x_wconf 85' lang='lat' dir='ltr'>replicantis]</span> <span class='ocrx_word' id='word_1_172' title='bbox 1278 3247 1391 3304; x_wconf 67' lang='lat' dir='ltr'>Siteste</span> <span class='ocrx_word' id='word_1_173' title='bbox 1408 3186 1517 3321; x_wconf 64' lang='lat' dir='ltr'>judico.</span> 
     </span>
     <span class='ocr_line' id='line_1_26' title="bbox 492 3311 1519 3399; baseline 0.016 -35"><span class='ocrx_word' id='word_1_174' title='bbox 492 3311 708 3382; x_wconf 84' lang='lat' dir='ltr'>emendavimus,</span> <span class='ocrx_word' id='word_1_175' title='bbox 730 3331 795 3369; x_wconf 91' lang='lat' dir='ltr'>cum</span> <span class='ocrx_word' id='word_1_176' title='bbox 812 3320 989 3397; x_wconf 76' lang='lat' dir='ltr'>aureaverr&#39;fi·</span> <span class='ocrx_word' id='word_1_177' title='bbox 1019 3322 1193 3381; x_wconf 83' lang='lat' dir='ltr'>commodius</span> <span class='ocrx_word' id='word_1_178' title='bbox 1214 3323 1381 3388; x_wconf 82' lang='lat' dir='ltr'>rescribatur,</span> <span class='ocrx_word' id='word_1_179' title='bbox 1396 3320 1436 3399; x_wconf 79' lang='lat' dir='ltr'>fic</span> <span class='ocrx_word' id='word_1_180' title='bbox 1459 3336 1519 3379; x_wconf 79' lang='lat' dir='ltr'>m·</span> 
     </span>
     <span class='ocr_line' id='line_1_27' title="bbox 494 3386 1519 3478; baseline 0.012 -33"><span class='ocrx_word' id='word_1_181' title='bbox 494 3386 568 3445; x_wconf 82' lang='lat' dir='ltr'>miles</span> <span class='ocrx_word' id='word_1_182' title='bbox 579 3388 722 3478; x_wconf 76' lang='lat' dir='ltr'>legeretur.</span> <span class='ocrx_word' id='word_1_183' title='bbox 762 3399 790 3447; x_wconf 79' lang='lat' dir='ltr'>P.</span> <span class='ocrx_word' id='word_1_184' title='bbox 804 3398 954 3453; x_wconf 73' lang='lat' dir='ltr'>Manutius.</span> <span class='ocrx_word' id='word_1_185' title='bbox 1020 3400 1103 3455; x_wconf 56' lang='lat' dir='ltr'>drusio</span> <span class='ocrx_word' id='word_1_186' title='bbox 1118 3404 1252 3478; x_wconf 80' lang='lat' dir='ltr'>temporis.-</span> <span class='ocrx_word' id='word_1_187' title='bbox 1276 3399 1342 3459; x_wconf 80' lang='lat' dir='ltr'>nihil</span> <span class='ocrx_word' id='word_1_188' title='bbox 1353 3402 1416 3459; x_wconf 83' lang='lat' dir='ltr'>novi</span> <span class='ocrx_word' id='word_1_189' title='bbox 1431 3397 1519 3458; x_wconf 79' lang='lat' dir='ltr'>efficit</span> 
     </span>
     <span class='ocr_line' id='line_1_28' title="bbox 533 3467 1519 3557; baseline 0.022 -39"><span class='ocrx_word' id='word_1_190' title='bbox 533 3471 594 3520; x_wconf 63' lang='grc' dir='ltr'>κει</span> <span class='ocrx_word' id='word_1_191' title='bbox 608 3485 664 3553; x_wconf 71' lang='lat' dir='ltr'>puts</span> <span class='ocrx_word' id='word_1_192' title='bbox 688 3467 809 3556; x_wconf 75' lang='lat' dir='ltr'>mortalis</span> <span class='ocrx_word' id='word_1_193' title='bbox 827 3474 897 3543; x_wconf 79' lang='lat' dir='ltr'>pofflt</span> <span class='ocrx_word' id='word_1_194' title='bbox 919 3474 992 3553; x_wconf 72' lang='lat' dir='ltr'>effe]</span> <span class='ocrx_word' id='word_1_195' title='bbox 1022 3475 1171 3551; x_wconf 78' lang='lat' dir='ltr'>&amp;primum</span> <span class='ocrx_word' id='word_1_196' title='bbox 1202 3477 1519 3557; x_wconf 61' lang='lat' dir='ltr'>arripuereplicseddm·</span> 
     </span>
     <span class='ocr_line' id='line_1_29' title="bbox 495 3498 1520 3632; baseline 0.015 -32"><span class='ocrx_word' id='word_1_197' title='bbox 495 3540 673 3632; x_wconf 78' lang='lat' dir='ltr'>Haudaltter</span> <span class='ocrx_word' id='word_1_198' title='bbox 694 3543 778 3602; x_wconf 87' lang='lat' dir='ltr'>edttto</span> <span class='ocrx_word' id='word_1_199' title='bbox 808 3550 917 3613; x_wconf 64' lang='lat' dir='ltr'>munii,</span> <span class='ocrx_word' id='word_1_200' title='bbox 947 3556 993 3611; x_wconf 89' lang='lat' dir='ltr'>cui</span> <span class='ocrx_word' id='word_1_201' title='bbox 1060 3562 1154 3628; x_wconf 76' lang='lat' dir='ltr'>4Nrn</span> <span class='ocrx_word' id='word_1_202' title='bbox 1168 3498 1201 3631; x_wconf 49' lang='lat' dir='ltr'>e]</span> <span class='ocrx_word' id='word_1_203' title='bbox 1216 3560 1299 3631; x_wconf 80' lang='lat' dir='ltr'>igitur</span> <span class='ocrx_word' id='word_1_204' title='bbox 1314 3570 1347 3615; x_wconf 89' lang='lat' dir='ltr'>ut</span> <span class='ocrx_word' id='word_1_205' title='bbox 1366 3554 1520 3615; x_wconf 63' lang='lat' dir='ltr'>mom</span> 
     </span>
     <span class='ocr_line' id='line_1_30' title="bbox 495 3617 1520 3713; baseline 0.018 -36"><span class='ocrx_word' id='word_1_206' title='bbox 495 3621 601 3679; x_wconf 83' lang='lat' dir='ltr'>accedat</span> <span class='ocrx_word' id='word_1_207' title='bbox 614 3617 713 3677; x_wconf 79' lang='lat' dir='ltr'>Pithoer&#39;</span> <span class='ocrx_word' id='word_1_208' title='bbox 727 3621 803 3685; x_wconf 80' lang='lat' dir='ltr'>liber,</span> <span class='ocrx_word' id='word_1_209' title='bbox 832 3628 859 3683; x_wconf 86' lang='lat'>&amp;</span> <span class='ocrx_word' id='word_1_210' title='bbox 876 3642 993 3705; x_wconf 88' lang='lat' dir='ltr'>quatuor</span> <span class='ocrx_word' id='word_1_211' title='bbox 1015 3629 1074 3713; x_wconf 77' lang='lat' dir='ltr'>fit]</span> <span class='ocrx_word' id='word_1_212' title='bbox 1089 3634 1116 3691; x_wconf 89' lang='lat' dir='ltr'>Si</span> <span class='ocrx_word' id='word_1_213' title='bbox 1131 3630 1178 3692; x_wconf 83' lang='lat' dir='ltr'>iric</span> <span class='ocrx_word' id='word_1_214' title='bbox 1198 3632 1273 3693; x_wconf 88' lang='lat' dir='ltr'>loeus</span> <span class='ocrx_word' id='word_1_215' title='bbox 1293 3634 1454 3693; x_wconf 75' lang='lat' dir='ltr'>emendatur</span> <span class='ocrx_word' id='word_1_216' title='bbox 1468 3632 1520 3695; x_wconf 67' lang='lat' dir='ltr'>est·</span> 
     </span>
     <span class='ocr_line' id='line_1_31' title="bbox 497 3697 1523 3789; baseline 0.024 -39"><span class='ocrx_word' id='word_1_217' title='bbox 497 3697 559 3789; x_wconf 65' lang='lat' dir='ltr'>l’all3</span> <span class='ocrx_word' id='word_1_218' title='bbox 579 3701 607 3758; x_wconf 65' lang='grc' dir='ltr'>ὅ(</span> <span class='ocrx_word' id='word_1_219' title='bbox 628 3702 808 3787; x_wconf 61' lang='lat' dir='ltr'>Wonerianus.</span> <span class='ocrx_word' id='word_1_220' title='bbox 854 3704 993 3776; x_wconf 86' lang='lat' dir='ltr'>Publicati,</span> <span class='ocrx_word' id='word_1_221' title='bbox 1023 3711 1060 3767; x_wconf 88' lang='lat' dir='ltr'>ita</span> <span class='ocrx_word' id='word_1_222' title='bbox 1074 3710 1181 3769; x_wconf 79' lang='lat' dir='ltr'>dietum</span> <span class='ocrx_word' id='word_1_223' title='bbox 1202 3714 1358 3778; x_wconf 74' lang='lat' dir='ltr'>acimum,</span> <span class='ocrx_word' id='word_1_224' title='bbox 1373 3729 1424 3771; x_wconf 73' lang='lat' dir='ltr'>nm</span> <span class='ocrx_word' id='word_1_225' title='bbox 1438 3710 1523 3788; x_wconf 63' lang='lat' dir='ltr'>uiui»</span> 
     </span>
     <span class='ocr_line' id='line_1_32' title="bbox 486 3770 1522 3867; baseline 0.023 -36"><span class='ocrx_word' id='word_1_226' title='bbox 486 3770 570 3851; x_wconf 76' lang='lat' dir='ltr'>fiqrus</span> <span class='ocrx_word' id='word_1_227' title='bbox 585 3775 672 3865; x_wconf 83' lang='lat' dir='ltr'>modo</span> <span class='ocrx_word' id='word_1_228' title='bbox 679 3774 736 3833; x_wconf 86' lang='lat' dir='ltr'>talts</span> <span class='ocrx_word' id='word_1_229' title='bbox 748 3780 816 3852; x_wconf 75' lang='lat' dir='ltr'>poffls</span> <span class='ocrx_word' id='word_1_230' title='bbox 824 3778 876 3855; x_wconf 76' lang='lat' dir='ltr'>effe.</span> <span class='ocrx_word' id='word_1_231' title='bbox 910 3785 994 3844; x_wconf 80' lang='lat' dir='ltr'>Gau·</span> <span class='ocrx_word' id='word_1_232' title='bbox 1020 3802 1052 3846; x_wconf 88' lang='lat' dir='ltr'>ut</span> <span class='ocrx_word' id='word_1_233' title='bbox 1064 3786 1099 3845; x_wconf 88' lang='lat' dir='ltr'>ab</span> <span class='ocrx_word' id='word_1_234' title='bbox 1108 3792 1218 3847; x_wconf 76' lang='lat' dir='ltr'>Horatio</span> <span class='ocrx_word' id='word_1_235' title='bbox 1227 3792 1257 3849; x_wconf 90' lang='lat' dir='ltr'>iu</span> <span class='ocrx_word' id='word_1_236' title='bbox 1270 3790 1522 3867; x_wconf 79' lang='lat' dir='ltr'>Epist.adlcciumr</span> 
     </span>
     <span class='ocr_line' id='line_1_33' title="bbox 496 3852 1442 3950; baseline 0.02 -43"><span class='ocrx_word' id='word_1_237' title='bbox 496 3870 597 3942; x_wconf 70' lang='lat' dir='ltr'>raupa.</span> <span class='ocrx_word' id='word_1_238' title='bbox 632 3852 702 3913; x_wconf 88' lang='lat' dir='ltr'>Ibrd.</span> <span class='ocrx_word' id='word_1_239' title='bbox 728 3852 876 3914; x_wconf 87' lang='lat' dir='ltr'>Codicibus</span> <span class='ocrx_word' id='word_1_240' title='bbox 892 3862 993 3922; x_wconf 89' lang='lat' dir='ltr'>Grute·</span> <span class='ocrx_word' id='word_1_241' title='bbox 1058 3874 1160 3924; x_wconf 78' lang='lat' dir='ltr'>-Non</span> <span class='ocrx_word' id='word_1_242' title='bbox 1174 3870 1207 3941; x_wconf 74' lang='lat' dir='ltr'>est</span> <span class='ocrx_word' id='word_1_243' title='bbox 1222 3870 1337 3945; x_wconf 76' lang='lat' dir='ltr'>urcopiae</span> <span class='ocrx_word' id='word_1_244' title='bbox 1354 3871 1442 3950; x_wconf 75' lang='lat' dir='ltr'>major</span> 
     </span>
     <span class='ocr_line' id='line_1_34' title="bbox 496 3930 1536 4025; baseline 0.023 -41"><span class='ocrx_word' id='word_1_245' title='bbox 496 3944 577 4018; x_wconf 76' lang='lat' dir='ltr'>trente</span> <span class='ocrx_word' id='word_1_246' title='bbox 590 3930 723 3993; x_wconf 80' lang='lat' dir='ltr'>accedunt</span> <span class='ocrx_word' id='word_1_247' title='bbox 738 3932 817 3991; x_wconf 80' lang='lat' dir='ltr'>Paris.</span> <span class='ocrx_word' id='word_1_248' title='bbox 830 3935 902 4015; x_wconf 85' lang='lat' dir='ltr'>Reg.</span> <span class='ocrx_word' id='word_1_249' title='bbox 918 3940 996 3999; x_wconf 86' lang='lat' dir='ltr'>Med.</span> <span class='ocrx_word' id='word_1_250' title='bbox 1059 3942 1106 4001; x_wconf 70' lang='lat' dir='ltr'>Ab</span> <span class='ocrx_word' id='word_1_251' title='bbox 1116 3946 1191 4025; x_wconf 80' lang='lat' dir='ltr'>Jove</span> <span class='ocrx_word' id='word_1_252' title='bbox 1204 3946 1294 4007; x_wconf 75' lang='lat' dir='ltr'>donari</span> <span class='ocrx_word' id='word_1_253' title='bbox 1307 3947 1377 4023; x_wconf 75' lang='lat' dir='ltr'>poffir</span> <span class='ocrx_word' id='word_1_254' title='bbox 1391 3946 1441 4005; x_wconf 77' lang='lat' dir='ltr'>tibi</span> <span class='ocrx_word' id='word_1_255' title='bbox 1449 3977 1485 3995; x_wconf 90' lang='lat'>·-</span> <span class='ocrx_word' id='word_1_256' title='bbox 1533 3990 1536 3999; x_wconf 89' lang='lat'>-</span> 
     </span>
     <span class='ocr_line' id='line_1_35' title="bbox 498 4004 1524 4103; baseline 0.03 -43"><span class='ocrx_word' id='word_1_257' title='bbox 498 4004 598 4096; x_wconf 68' lang='lat' dir='ltr'>llallroit</span> <span class='ocrx_word' id='word_1_258' title='bbox 607 4004 755 4087; x_wconf 87' lang='lat' dir='ltr'>reliquique</span> <span class='ocrx_word' id='word_1_259' title='bbox 767 4010 861 4068; x_wconf 85' lang='lat' dir='ltr'>nostri.</span> <span class='ocrx_word' id='word_1_260' title='bbox 881 4020 993 4077; x_wconf 62' lang='grc' dir='ltr'>Πανία.</span> <span class='ocrx_word' id='word_1_261' title='bbox 1021 4026 1049 4081; x_wconf 85' lang='lat'>&amp;</span> <span class='ocrx_word' id='word_1_262' title='bbox 1063 4041 1078 4079; x_wconf 84' lang='lat' dir='ltr'>a</span> <span class='ocrx_word' id='word_1_263' title='bbox 1093 4025 1212 4091; x_wconf 79' lang='lat' dir='ltr'>Graecis,</span> <span class='ocrx_word' id='word_1_264' title='bbox 1224 4016 1322 4083; x_wconf 67' lang='lat' dir='ltr'>einim</span> <span class='ocrx_word' id='word_1_265' title='bbox 1347 4022 1420 4089; x_wconf 55' lang='lat' dir='ltr'>snus.</span> <span class='ocrx_word' id='word_1_266' title='bbox 1438 4017 1524 4103; x_wconf 67' lang='lat' dir='ltr'>Qud</span> 
     </span>
     <span class='ocr_line' id='line_1_36' title="bbox 538 4086 1525 4186; baseline 0.028 -46"><span class='ocrx_word' id='word_1_267' title='bbox 538 4091 612 4160; x_wconf 64' lang='grc' dir='ltr'>μισ</span> <span class='ocrx_word' id='word_1_268' title='bbox 632 4086 761 4147; x_wconf 67' lang='lat' dir='ltr'>sternuto</span> <span class='ocrx_word' id='word_1_269' title='bbox 788 4096 911 4170; x_wconf 59' lang='lat' dir='ltr'>temporis,</span> <span class='ocrx_word' id='word_1_270' title='bbox 929 4094 996 4156; x_wconf 73' lang='lat' dir='ltr'>nibil</span> <span class='ocrx_word' id='word_1_271' title='bbox 1023 4099 1132 4186; x_wconf 65' lang='lat' dir='ltr'>fiditer</span> <span class='ocrx_word' id='word_1_272' title='bbox 1147 4105 1295 4167; x_wconf 77' lang='lat' dir='ltr'>ucirtttne</span> <span class='ocrx_word' id='word_1_273' title='bbox 1314 4102 1451 4183; x_wconf 83' lang='lat' dir='ltr'>scriptum</span> <span class='ocrx_word' id='word_1_274' title='bbox 1475 4100 1525 4163; x_wconf 66' lang='lat' dir='ltr'>est·</span> 
     </span>
     <span class='ocr_line' id='line_1_37' title="bbox 1458 4189 1525 4268; baseline 0.015 -17"><span class='ocrx_word' id='word_1_275' title='bbox 1458 4237 1473 4268; x_wconf 58' lang='lat'>0</span> <span class='ocrx_word' id='word_1_276' title='bbox 1486 4189 1525 4252; x_wconf 60' lang='grc' dir='ltr'>Μ.</span> 
     </span>
    </p>
   </div>
   <div class='ocr_carea' id='block_1_4' title="bbox 0 0 1936 5084">
    <p class='ocr_par' dir='ltr' id='par_1_5' title="bbox 0 0 1936 5084">
     <span class='ocr_line' id='line_1_38' title="bbox 0 0 1936 5084; baseline 0 0"><span class='ocrx_word' id='word_1_277' title='bbox 0 0 1936 5084; x_wconf 95' lang='lat' dir='ltr'> </span> 
     </span>
    </p>
   </div>
  </div>
 </body>
</html>
