3784 5084
391 487 482 584 ‘210
661 493 1260 580 nrurvrnnrtonu

464 655 602 760 placet,
641 658 850 743 monitum,
882 655 929 729 ab
964 677 1013 729 eo
1046 654 1233 745 Crassum,
1272 666 1495 732 concretae

463 766 552 841 iret:
579 788 662 843 non
684 765 790 842 fuisse
821 768 1047 867 periturum,
1088 760 1116 838 st
1145 768 1273 841 omini
1306 769 1492 866 paruisset.

464 881 574 983 Quae
608 871 635 951 st
665 874 918 977 suscipiamus,
963 876 1069 977 pedis
1107 873 1270 954 offcnfio
1303 880 1418 957 nobis
1452 885 1494 959 dc

471 986 484 1028 ¹
505 988 682 1086 abruptio
704 990 885 1089 corrigiae
901 992 940 1064 ὅ(
957 987 1216 1064 sternumenta
1232 1008 1344 1065 crunt
1366 991 1494 1071 obscr-

462 1099 597 1178 vanda.
655 1097 782 1175 Sortes
804 1099 940 1176 restant
963 1104 1000 1177 ὅ(
1028 1097 1225 1189 Chaldaei,
1256 1119 1299 1175 ut
1322 1100 1369 1176 ad
1389 1120 1493 1181 vates

399 1230 448 1301 41
464 1212 661 1288 veniamus
682 1216 722 1289 δι
744 1209 792 1288 ad
813 1211 976 1287 somnia.
1031 1209 1254 1288 Dicendum
1284 1213 1399 1311 igitur
1424 1238 1495 1315 pu·

464 1340 519 1397 tas
539 1321 587 1398 dc
611 1321 794 1400 sortibus?
820 1325 925 1427 Qrid
948 1322 1056 1397 enirn
1078 1320 1157 1401 sors
1182 1322 1255 1398 cst?
1282 1324 1388 1397 idem
1405 1347 1495 1428 pto·

363 1461 365 1464 ·
464 1434 693 1535 pcmodum,
733 1434 840 1533 quod
867 1435 1056 1522 ’micare
1092 1435 1199 1533 quod
1232 1435 1328 1509 talos
1356 1437 1492 1530 jacere,

464 1545 572 1642 quod
598 1544 769 1621 tesseras:
809 1547 947 1644 quibus
963 1547 1006 1620 in
1032 1546 1143 1621 rebus
1166 1546 1359 1621 temeritas
1380 1550 1420 1623 dc
1434 1570 1493 1652 ca7

464 1658 535 1736 sus,
564 1679 648 1734 non
675 1659 773 1733 ratio
796 1680 870 1735 nec
900 1650 1103 1734 confilium
1133 1656 1245 1732 valet.
1301 1659 1407 1733 Tota
1434 1682 1494 1737 ret

465 1766 517 1845 est
532 1771 686 1870 inventa
708 1768 876 1858 fallaciis,
897 1787 962 1845 aut
983 1767 1027 1843 ad
1052 1766 1263 1866 quaestum,
1287 1787 1351 1844 aut
1372 1768 1421 1844 ad
1435 1770 1493 1847 su·
1557 1839 1559 1843 r

463 1880 737 1980 perstitioncm,
777 1898 841 1954 aut
874 1882 920 1954 ad
950 1899 1132 1955 errorem.
1188 1875 1335 1979 Atque,
1379 1883 1494 1960 utin

465 1988 700 2090 haruspicina
722 1987 894 2079 fecimus,
909 1986 958 2068 stc
979 1990 1176 2082 videamus
1200 1983 1493 2071 clarissimarum

464 2099 625 2178 sortium
661 2123 758 2199 quae
795 2102 962 2178 tradatur
997 2104 1185 2179 inventio.
1253 2103 1495 2181 Numerium

465 2211 682 2290 Suffucium
718 2213 1042 2290 Praenestinorum
1077 2230 1337 2316 monumenta
1359 2213 1494 2307 ⁸decla·

463 2344 564 2403 rant>
593 2322 793 2400 honellum
820 2322 1024 2402 hominem
1052 2328 1090 2403 δ(
1116 2323 1301 2414 nobilem,
1334 2324 1495 2402 somniis

463 2438 612 2520 crebris,
651 2435 698 2512 ad
730 2435 944 2513 extremum
983 2437 1100 2513 etiam
1135 2436 1361 2527 minacibus,
1400 2434 1495 2514 curn
1536 2538 1540 2544 ι

1344 2557 1494 2655 jubere·

506 2735 517 2773 ι
535 2715 664 2790 Abruptio
679 2719 803 2789 corrigiae
819 2716 963 2787 &sttrnu
994 2714 1186 2772 ilci-nutantem
1206 2714 1348 2782 audierata
1375 2714 1495 2781 miraris,

465 2796 571 2867 menta]
588 2792 680 2869 Vulgo
681 2792 904 2867 sternutamenta:
917 2795 961 2852 sed
991 2794 1086 2868 inquit,
1100 2808 1133 2848 cx
1146 2806 1189 2849 rot
1202 2792 1319 2851 millibus
1329 2810 1419 2849 unum
1432 2811 1496 2869 per·

466 2868 548 2927 Paris.
555 2870 742 2945 sternumenta,
751 2872 824 2948 quod
835 2870 962 2944 probum.
993 2867 1110 2925 frixisse?
1150 2872 1224 2927 Haec
1247 2868 1495 2943 superstitiosorum

466 2946 586 3019 Ageliinr
604 2950 643 3005 N.
657 2950 689 3003 ri.
706 2968 756 3009 xit,
773 2968 800 3022 5.
827 2956 884 3004 Car
899 2949 962 3005 ster·
992 2944 1138 3002 hominum
1152 2946 1245 3004 deliria
1260 2946 1321 3004 salse
1337 2946 1429 3006 rident
1436 2954 1497 3005 Me·

464 3026 603 3082 numentis
618 3028 768 3104 quatiatur.
802 3028 899 3082 Plinius
914 3025 960 3082 lib.
992 3021 1091 3079 nander
1105 3022 1280 3087 &Philemon
1296 3042 1416 3094 quorum
1433 3043 1496 3082 ver·

465 3101 503 3157 11.
527 3102 553 3176 §.
574 3106 608 3159 V,
636 3122 697 3177 pag.
713 3123 762 3170 aa.
799 3107 964 3177 lsaauguriis
995 3099 1026 3156 ba
1048 3097 1256 3175 suppeditabunt
1275 3100 1395 3158 clamans
1408 3100 1498 3159 Alex·

421 3215 428 3231 ,
464 3176 647 3237 sternumenta
663 3181 697 3248 (J
710 3179 846 3259 offonfionas
861 3184 965 3257 pedum.
992 3176 1117 3233 andriam
1133 3181 1235 3235 strom.
1250 3194 1299 3237 vn·
1323 3195 1405 3256 pagg·
1425 3179 1497 3253 84²2

465 3254 965 3333 ObseruauitetiamsalmafiusExere.
995 3255 1062 3330 843.
1080 3259 1107 3313 &
1122 3252 1290 3312 Theodoriana
1312 3256 1432 3331 Therap.
1446 3276 1497 3317 vt.

468 3333 536 3389 Plin.
552 3350 613 3409 pag.
630 3353 677 3408 ²9·
706 3337 882 3395 sternuere&
902 3338 965 3394 ster·
996 3351 1076 3408 pagg.
1094 3332 1143 3403 87,
1159 3334 1208 3389 88.
1249 3337 1311 3391 Hoc
1331 3349 1498 3392 tamennon

468 3423 633 3467 numentum
650 3414 748 3487 semper
762 3416 834 3489 apud
849 3413 965 3471 Plinium
995 3408 1130 3483 impediit,
1158 3428 1214 3487 quo
1228 3411 1320 3469 tninus
1334 3409 1382 3469 diu
1406 3410 1499 3486 postca

469 3490 616 3565 inscriptis,
634 3501 678 3566 pra
689 3490 780 3567 quibus
796 3491 891 3567 ubique
904 3491 967 3548 ster·
997 3488 1103 3549 ualeret.
1111 3492 1139 3546 δι
1155 3489 1239 3544 etiam
1250 3507 1323 3547 nunc
1336 3486 1410 3565 apud
1423 3487 1498 3545 naul-

470 3583 565 3624 nutare
595 3564 630 3635 ό·
656 3567 865 3628 sternutamenta
891 3571 967 3624 corri-
996 3578 1038 3621 tos
1058 3562 1149 3625 valeat.
1165 3566 1293 3622 ominum
1307 3565 1382 3625 fides.
1420 3564 1498 3632 Rafi-

440 3716 443 3722 .
467 3659 548 3716 gant:
578 3644 631 3719 sel
658 3656 806 3722 perperam.
833 3650 968 3703 Frontinus
997 3641 1046 3697 iius
1067 3640 1096 3698 in
1111 3642 1200 3701 Esaiae
1212 3660 1272 3717 cap.
1287 3644 1325 3701 11.
1345 3660 1378 3719 pa
1401 3642 1497 3714 .876.

471 3724 587 3800 Strateg.
604 3720 650 3778 lib.
666 3725 689 3779 1.
704 3742 764 3799 cap.
780 3724 845 3787 Xll,
865 3742 907 3779 rr.
926 3727 969 3782 Ti·
998 3720 1100 3780 Πολλοῖς
1127 3722 1176 3781 τοῖς
1200 3721 1333 3783 Xvwoiv
1364 3719 1374 3740 '
1409 3714 1418 3738 '
1454 3742 1498 3793 y

470 3797 587 3855 inotbenr
598 3798 758 3875 Atheniensis
772 3800 845 3876 claffo
858 3802 968 3856 dimica·
999 3792 1137 3855 ὄπικκςᾶι
1161 3794 1203 3865 &a
1224 3796 1315 3870 φάμας
1335 3796 1435 3875 dupinii
1452 3797 1499 3871 ὼ

469 3888 546 3932 turus
561 3878 683 3953 adversus
698 3886 856 3956 Corcyraeos,
871 3876 968 3949 guber·
994 3869 1131 3945 capsiana
1147 3872 1284 3949 npors‘xnr.
1326 3872 1439 3953 Ἐκπᾶςι
1452 3872 1498 3939 τίς.

470 3957 557 4008 natori
571 3956 636 4029 suo,
660 3960 706 4032 qui
728 3953 888 4031 proficiscenti
903 3956 968 4033 jam
997 3961 1081 4021 aanor.
1096 3945 1135 4008 irai
1149 3955 1188 4025 τᾷ
1202 3952 1316 4030 λέγῃς
1330 3946 1386 4011 osii
1399 3948 1498 4028 aaroni·

469 4027 542 4102 alaffl
563 4027 669 4103 figausn
705 4034 817 4106 receptui
853 4045 969 4105 caeperat
996 4052 1037 4087 ua.
1075 4026 1497 4109 radasponensium}

467 4107 541 4175 dare,
555 4110 619 4185 quia
635 4126 669 4165 rar
683 4108 822 4184 remigibus
838 4108 969 4187 ponendam
995 4100 1112 4186 inuidiae
1125 4110 1200 4169 orn.
1235 4110 1267 4171 '0
1283 4111 1333 4175 nis
1345 4104 1499 4192 spelm

512 4214 513 4218 ¹
1452 4207 1495 4248 at
