3784 5084
696 540 943 623 Lusi-:n
1003 545 1129 647 1,19.

400 700 512 802 Qrae
543 692 694 773 Croeso
728 695 886 795 Pythius
910 693 1073 799 Apollo,
1114 717 1157 775 ut
1183 698 1233 776 de
1265 707 1429 785 naturali

399 810 642 887 divinatione
678 807 818 899 dicam,
857 830 954 908 quae
988 807 1294 895 Atheniensibus,
1329 840 1428 915 quae

1439 573 1507 650 ts'

399 921 785 1027 Lacedaemoniis*
801 940 898 1018 quae
923 922 1112 1021 Tegeatis,
1141 945 1237 1021 quae
1260 924 1429 1031 Argivis,
1485 975 1490 992 ·

400 1056 501 1133 quae
516 1029 731 1109 Corinthiis
750 1029 998 1132 responderit,
1011 1034 1095 1131 quis
1112 1035 1288 1132 ignorat?
1318 1040 1428 1118 Con·

401 1146 496 1246 legit
520 1141 815 1219 innumerabilia
837 1144 963 1219 oracla
990 1139 1232 1245 Chryhppus,
1273 1172 1347 1226 nec
1370 1149 1427 1227 ul-

402 1258 490 1333 lum
523 1249 600 1331 sine
636 1255 830 1355 locuplete
861 1254 1013 1330 autiore
1041 1274 1155 1352 atque
1178 1257 1288 1335 relic:
1329 1283 1431 1359 quae

400 1370 494 1465 quia
518 1384 612 1442 nota
632 1365 704 1441 tibi
728 1364 828 1457 sunt,
848 1368 1037 1464 relinquo.
1093 1365 1275 1445 Defendo
1300 1394 1426 1451 unum

402 1478 493 1556 hoc.
561 1478 790 1575 Numquam
827 1474 924 1551 illud
953 1478 1127 1554 oraclum
1154 1477 1314 1582 Delphis
1345 1502 1430 1569 tam
1487 1481 1497 1524 ²

403 1588 552 1671 celebre
575 1592 614 1665 &
635 1607 716 1664 tam
741 1589 886 1663 clarum
912 1586 1047 1677 suisset,
1069 1610 1194 1686 neque
1224 1594 1338 1669 rantis
1359 1596 1429 1672 do·

402 1704 464 1783 nis
487 1698 669 1776 refertum
691 1699 873 1775 omnium
894 1701 1126 1800 populorum
1146 1720 1258 1799 atque
1280 1726 1428 1804 regum,

403 1807 476 1896 nisi
501 1802 631 1888 omnis
653 1828 763 1890 aetas.
796 1810 1016 1887 oraclorum
1046 1811 1204 1893 illorum
1229 1816 1429 1895 veritatem

405 1922 495 2001 effer
522 1940 683 2025 experta.
746 1921 888 1996 ‘Idem
916 1922 1063 2014 jamdiu
1092 1943 1175 2000 non
1208 1922 1309 2001 facit.
1364 1921 1428 2006 Ut

403 2036 523 2135 igitur
545 2058 650 2111 nunc
672 2034 827 2110 minore
847 2034 969 2133 gloria
992 2033 1053 2116 eli.
1081 2036 1169 2132 quia
1192 2038 1319 2114 minus
1344 2063 1428 2116 ora.

404 2150 557 2223 closum
590 2148 725 2222 vetitas
760 2145 935 2222 excellit:
977 2139 1026 2221 src
1053 2161 1152 2225 tum.
1183 2142 1253 2223 nist
1279 2148 1433 2244 summa.

405 2260 578 2349 veritate,
619 2260 661 2346 in
692 2274 798 2333 tanta
827 2255 950 2357 gloria
983 2279 1068 2333 non
1098 2255 1234 2346 fuisset.
1304 2259 1431 2354 Potest

1298 2391 1429 2448 autern

406 2510 514 2576 Frustra
528 2513 589 2573 sunt
604 2512 714 2572 Paullus
725 2515 865 2580 Manutius
878 2519 906 2575 δι
933 2510 1029 2575 habere
1051 2513 1171 2572 delirant.
1210 2513 1285 2589 Quin
1309 2517 1336 2574 dc
1355 2515 1430 2593 idem

407 2587 489 2660 suiv.
501 2592 616 2666 Uestam,
636 2594 684 2671 qui
700 2593 844 2652 mutandos
856 2591 905 2649 ho·
935 2610 1066 2652 numerus
1093 2589 1211 2647 servatur
1235 2589 1305 2657 infra
1324 2591 1380 2666 lib„
1393 2596 1431 2669 llr

407 2663 454 2739 sce
466 2685 595 2727 numeros
608 2669 742 2729 censuere.
776 2671 908 2747 Qamvis
934 2689 994 2746 cap.
1010 2671 1059 2743 46.
1097 2670 1208 2739 Dapies.

407 2743 484 2799 enim
506 2746 613 2804 futilem
634 2750 742 2824 prorsus
764 2752 792 2807 ὃ(
812 2766 906 2804 vanam
970 2747 1095 2828 une
1109 2745 1255 2823 Tegeatis]
1283 2747 1327 2805 Sic
1340 2746 1435 2820 multis

407 2818 511 2883 horum
536 2825 695 2902 jasiantiam
717 2826 769 2883 elle
791 2822 908 2892 scimus;
934 2826 1026 2885 annis,
1053 2839 1195 2901 antequam
1216 2825 1285 2881 Adr.
1300 2824 1433 2901 Turnebus

409 2898 486 2965 testa
512 2914 604 2959 tamen
622 2904 660 2959 est
678 2901 761 2959 leeiio
783 2916 905 2976 recepta:
936 2901 1157 2961 Adversariorum
1174 2898 1258 2958 libros
1273 2901 1372 2966 ederet,
1396 2903 1434 2970 lez

407 2992 468 3045 rem
485 2979 561 3036 enim
577 2980 614 3047 ita
629 2978 655 3036 se
669 2978 908 3054 habereptaediea·
935 2979 1056 3059 gendum
1071 2976 1122 3035 elle
1138 2977 1271 3034 videram:
1296 2994 1375 3056 atque
1388 2980 1436 3047 adt

407 3050 474 3109 bant
490 3054 625 3114 Chaldaei.
661 3057 787 3118 Diadum
807 3055 908 3112 Siculus
935 3078 970 3115 eo
985 3056 1087 3133 aliquot
1104 3054 1238 3112 menfibus
1251 3069 1313 3111 ante
1325 3058 1383 3131 jam
1404 3076 1434 3113 e·

408 3126 478 3197 Bibl.
495 3131 541 3191 lib.
559 3137 594 3192 11.
617 3151 679 3211 pag,
701 3134 765 3191 118.
784 3125 910 3189 raihta
934 3132 1056 3192 dendum
1075 3150 1207 3189 curatam.
1245 3131 1341 3190 Nullos
1356 3135 1433 3208 enirn
1451 3163 1453 3167 ·

406 3198 467 3301 iuriis
481 3205 528 3306 χᾶ(
543 3206 716 3310 taulegius&
729 3200 906 3309 puriberg
935 3219 1058 3291 Taygetos
1090 3207 1206 3285 populos
1235 3212 1434 3291 memineram,-

408 3282 908 3443 tintamhulle:
935 3291 1433 3445 ..alstemum

408 3433 650 3523 dlpsmsypn'sap
661 3443 907 3522 mpdpiamio'
936 3443 1091 3502 didiceram.
1129 3440 1250 3499 Lambiu.

407 3516 456 3589 ἴτε
476 3518 507 3575 τὶ
526 3519 636 3578 musis
656 3519 758 3599 ἷςξιιτο
780 3522 804 3581 'a'
830 3512 907 3592 sumus
973 3519 1043 3577 Ibid.
1056 3518 1145 3601 Quae
1161 3518 1308 3595 Taygetis]
1336 3525 1433 3591 Tegeae

410 3598 458 3675 eise
477 3601 650 3677 apameiae
668 3600 769 3672 uuaz.
793 3603 907 3672 Mau·
936 3596 1007 3655 tibus
1026 3596 1104 3654 habet
1119 3596 1244 3673 antiquus
1257 3593 1331 3660 liber,
1354 3600 1381 3655 δι
1396 3598 1434 3674 itq

409 3680 464 3749 tius
477 3678 542 3739 Div.
558 3680 623 3738 Inst.
638 3679 684 3737 lib.
699 3700 747 3749 vn.
760 3698 786 3739 c.
802 3700 846 3754 ¹4·
863 3682 908 3736 Se·
937 3676 1054 3733 omuino
1066 3672 1226 3751 legendum:
1251 3673 1313 3732 sive,
1328 3687 1358 3731 ut
1375 3674 1433 3740 edi.

409 3758 466 3812 cuti
478 3752 587 3833 furtuffe
607 3755 765 3822 Chaldaeos,
793 3761 848 3837 qui,
874 3772 908 3815 ut
937 3754 979 3811 dit
1001 3749 1154 3828 Lambinus,
1191 3750 1317 3823 Tegeatis.
1356 3752 1432 3810 Con·

409 3835 497 3897 cicero
510 3834 621 3891 tradidit
635 3837 663 3892 iu
677 3833 741 3901 libra
753 3835 907 3893 deDiuina·
936 3829 1027 3887 firmat
1046 3846 1106 3885 eam
1128 3829 1273 3886 leetiouem
1290 3830 1433 3907 Pausanias

409 3904 476 3984 'pisae
491 3913 576 3987 prims
591 3912 638 3983 (ad
662 3910 738 3970 huuc
752 3910 844 3989 ipsum
865 3909 907 3967 lo·
936 3910 965 3966 in
979 3906 1128 3965 Laconicis.
1164 3902 1277 3979 Urfinus.

410 4005 474 4056 cum
489 3988 612 4063 respicit)
626 4008 906 4068 Quaunruoruaa
973 3984 1077 4060 5Idem
1085 3983 1195 4064 jamdiu
1209 4002 1257 4040 nau
1272 3981 1350 4057 facit]
1367 3985 1434 4049 Fors

410 4083 682 4128 sternacium
700 4084 906 4124 ureniana·
934 4057 1305 4136 tenanfit:&paulopost‚
1320 4062 1431 4144 nuncin
1520 4064 1522 4068 ’

409 4147 682 4230 neustrianis
696 4142 907 4251 ‘w‘l‘tss‘
935 4139 1127 4239 ΜΨ*
1143 4138 1184 4238 ‘s'
1229 4139 1336 4219 Diues
1391 4213 1432 4293 pp
