3784 5084
611 527 1140 629 Ltnnn1‚12,13.'
1287 530 1290 533 ’
1386 556 1494 627 ,ιγ’

445 682 586 774 Vocibus
602 683 818 796 Allobrogum
832 682 991 799 patribus
1007 691 1192 798 populoque
1203 681 1366 796 patebat.

447 806 531 882 Rite
548 803 657 909 igitur
678 820 823 894 veteres,
856 826 996 910 quorum
1017 821 1238 877 monumenta
1263 798 1398 879 tenetis.
1440 824 1486 895 ις

447 915 536 1018 „Qui
549 908 683 1022 populos
697 906 857 1022 urbisque
877 913 975 990 modo
995 939 1038 991 ac
1058 916 1195 989 uirtute
1213 913 1399 1021 regebant:
1456 902 1476 934 ’“
1488 949 1497 964 -·

448 1027 531 1106 nite
552 1026 662 1100 etiam
682 1020 803 1127 vestri,
834 1050 976 1134 quorum
992 1025 1175 1134 pietasque
1187 1022 1346 1132 fidesque
1486 1044 1490 1052 ·

449 1132 643 1237 Praestitit,
669 1130 714 1226 ὠ
736 1133 831 1245 longe
849 1138 941 1212 vicit
955 1134 1137 1245 sapientia
1162 1140 1308 1220 cunllos.

451 1249 635 1357 Praecipue
656 1244 783 1324 coluere
801 1247 939 1357 vigenti
959 1248 1096 1325 numine
1113 1247 1223 1326 rivos.

451 1370 547 1437 Haec
565 1359 647 1435 adeo
670 1361 806 1466 penitus
832 1385 917 1438 cura
938 1360 1059 1437 videre
1078 1361 1210 1467 fugaci

452 1473 537 1548 Otia
559 1472 619 1580 qui
632 1466 756 1582 studiis
777 1468 865 1547 laeti
892 1490 1031 1549 tenuere
1052 1472 1188 1564 decoris,
1401 1559 1407 1576 ,

453 1580 770 1693 ΙοᾳοοοΑοοᾸοοοίοι
791 1576 985 1689 umbriftra
1001 1581 1174 1693 nitidoque
1195 1591 1299 1689 Lyceo

454 1693 635 1771 Fuderunt
658 1690 770 1769 claras
784 1692 931 1799 fecundi
946 1695 1092 1802 pelloris
1113 1716 1216 1773 artes.

453 1815 486 1880 E
508 1800 626 1915 quibus
646 1824 807 1913 ereptum,
828 1806 940 1913 primo
956 1813 1040 1915 jam
1060 1831 1085 1882 u
1100 1800 1190 1912 flore
1210 1811 1402 1912 juventae,

452 1925 499 1993 Te
514 1916 639 2025 patria
658 1917 696 1989 in
717 1916 831 1991 media
852 1918 1031 1994 uirtutum
1052 1915 1138 1993 mole
1159 1914 1304 1995 locavit.

452 2036 506 2103 Tu
528 2047 646 2103 tamen
668 2026 851 2134 anxiferas
874 2054 973 2106 curas
996 2030 1147 2137 requiete
1167 2027 1322 2120 relaxas,

459 2114 603 2243 *Quod
611 2140 754 2247 patriae
776 2140 868 2215 vocis
880 2136 1008 2243 studiis
1032 2135 1192 2250 nobisque
1207 2135 1377 2247 sacrasti

399 2254 469 2331 Tu
490 2255 607 2353 igitur
625 2255 802 2329 animum
824 2256 966 2355 potetis
989 2253 1169 2331 inducere
1190 2259 1204 2307 5
1224 2272 1441 2344 contrata,

400 2387 499 2464 quae
524 2386 544 2438 a
568 2386 634 2440 me
656 2364 899 2471 disputantur
924 2365 973 2441 de
995 2365 1268 2456 divinatione‚'
1292 2365 1434 2451 dicere,

403 2579 503 2645 frustra
518 2579 571 2649 fuit
591 2581 634 2638 vit
651 2581 784 2640 eruditus.
823 2581 903 2641 Multi
932 2579 1150 2655 morttAgrllius
1167 2581 1248 2639 N.A.
1261 2578 1308 2637 lib.
1320 2495 1437 2655 tnqcblpt.
1548 2548 1549 2553 ἵ

403 2662 481 2717 MSS.
504 2657 640 2734 exceffirm.
677 2662 797 2718 Menon.
819 2659 903 2719 excel·
934 2680 960 2733 5.
1000 2658 1079 2718 lolem.
1192 2660 1197 2667 ’
1315 2714 1317 2718 ,

393 2738 469 2812 stem,
497 2752 580 2811 prout
609 2737 677 2794 olim
701 2738 775 2795 dedit
798 2738 907 2796 lumbi·
970 2735 1099 2822 4in
1123 2736 1222 2812 patriae
1247 2735 1322 2793 vocis
1338 2734 1431 2810 studiis

401 2833 469 2881 nun
500 2820 529 2873 &
549 2814 578 2869 in
592 2832 652 2870 eam
676 2814 823 2873 leffionem
843 2834 906 2893 qua·
933 2814 1047 2895 uobisque
1059 2814 1197 2893 sttorassi]
1219 2812 1339 2889 Hu'Jusce
1354 2814 1434 2870 venio

402 2892 465 2948 drat
491 2890 611 2948 historia:
641 2911 714 2958 nam,
737 2894 811 2971 quod
829 2892 909 2970 paulo
932 2892 987 2950 culi
1004 2909 1126 2950 mentem
1144 2912 1199 2948 non
1214 2896 1300 2965 capio,
1316 2909 1435 2965 quapro-

404 2970 467 3044 post
480 2970 520 3025 ait
535 2968 633 3030 noster,
935 2985 995 3044 pter
1011 2969 1082 3025 mihi
1099 2969 1212 3026 mendae
1236 2968 1373 3042 suspeltus
1387 2968 1435 3038 est,

437 3046 570 3127 Juppo'ter
584 3044 687 3105 encelfi
699 3044 824 3104 clarabat
834 3049 905 3124 step
935 3045 1066 3104 Nonnulli
1084 3050 1161 3103 MSS.
1179 3067 1267 3114 οοοοος
1294 3044 1338 3101 alii
1349 3046 1435 3110 votiso

480 3138 527 3180 tra
542 3122 674 3180 columna.
934 3124 1133 3183 patientum
1148 3121 1198 3181 bis.
1240 3121 1340 3181 Forsan
1352 3140 1436 3199 repo·

404 3199 664 3268 Amobiuulib.v11.
684 3218 746 3275 part.
762 3221 827 3277 307·
857 3209 907 3260 Re·
933 3201 1065 3265 nendum,

395 3278 644 3355 [ponpam-aliter
656 3278 788 3355 publicari
793 3277 906 3355 seelera·
969 3278 1060 3361 Qol
1074 3280 1158 3355 patrio
1180 3291 1265 3342 vacat,
1285 3278 1327 3337 his
1340 3277 1434 3355 studiis,

404 3371 437 3415 ta
461 3375 511 3412 non
530 3357 592 3433 poffe
613 3354 723 3430 tonilla,
746 3354 794 3432 nist
807 3357 902 3436 Juppr'-
1006 3356 1122 3436 nobrpque
1131 3358 1248 3433 morasti.

404 3447 447 3495 ter
460 3434 549 3511 rurssrs
568 3453 691 3493 οιτιοιιε
705 3436 731 3491 ia
745 3434 906 3509 eulminefir
934 3435 1005 3491 Vide
1022 3433 1069 3493 lib.
1095 3438 1132 3493 ΙΙ.
1153 3434 1189 3493 de
1212 3436 1305 3494 Divin.
1327 3451 1386 3510 cap.
1407 3450 1437 3502 ι,

400 3524 525 3586 geretur,
544 3515 697 3569 orientalem
715 3514 849 3588 conversus
871 3516 909 3569 ad
933 3514 1015 3570 ilem.
1041 3567 1043 3577 ,

406 3588 549 3652 cardinem,
568 3591 694 3667 radiisque
707 3587 828 3671 oppofitus
837 3589 906 3666 fiilio.
968 3609 989 3665 5
1004 3591 1103 3647 Contra
1118 3609 1159 3655 ea,
1175 3609 1244 3666 quae
1258 3608 1277 3645 a
1291 3608 1334 3646 me
1351 3586 1435 3661 disba-

405 3668 495 3729 Cicero
511 3665 591 3724 Catil.
602 3668 664 3726 ρΙΙΙ.
680 3686 706 3725 c.
723 3669 752 3724 8.
777 3667 906 3743 Haruspi·
932 3683 1027 3724 rantur
1034 3668 1065 3725 le
1079 3670 1246 3732 divinatione,
1254 3666 1349 3739 licere]
1363 3662 1437 3722 Vulv

404 3760 450 3801 ces
463 3743 607 3824 juffeeunt,
629 3742 808 3820 fimulaerum
824 3744 907 3824 Jouio
933 3766 970 3820 go
994 3765 1062 3823 quae
1083 3764 1102 3803 a
1124 3764 1167 3801 me
1193 3745 1373 3819 disputantur,
1405 3746 1435 3801 &

396 3819 491 3895 fheere
506 3840 611 3898 nujus,
627 3819 663 3890 ὁ·
676 3826 703 3880 ia
719 3822 907 3881 txcttso'eol-
932 3824 963 3880 le
988 3825 1147 3880 divinatione
1172 3821 1262 3885 licere,
1289 3840 1340 3882 nec
1355 3818 1433 3877 aliter·
1479 3836 1480 3840 ’

405 3895 498 3963 locare,
516 3896 562 3966 (p,
580 3914 766 3978 contruatque
782 3914 845 3958 aute
861 3899 908 3961 lu·
932 3919 1030 3958 omnes
1057 3900 1151 3967 nostri
1196 3898 1364 3976 Conjedtura
1392 3913 1433 3954 ta·

405 3976 519 4039 nouat
529 3979 653 4035 orientem
661 3992 818 4037 convortere.
838 3979 907 4035 Non
935 3997 1008 4039 men,
1040 3997 1120 4054 quam
1144 3975 1199 4034 loci
1229 3975 1320 4035 sensus
1341 3993 1433 4037 veram

406 4052 495 4127 dispar
508 4055 556 4119 est,
579 4056 655 4133 quod
672 4055 708 4112 de
724 4058 831 4113 Horatii
851 4058 905 4112 Co·
935 4056 1040 4132 probat,
1054 4055 1104 4117 illis
1119 4054 1268 4113 Codicibus
1281 4053 1435 4130 praeferen÷

405 4129 478 4201 clitis
500 4131 584 4205 statua
604 4132 640 4204 dt
661 4132 737 4204 caelo
759 4136 831 4204 totta
849 4152 909 4201 me·
934 4132 1133 4202 dividebatur,
1170 4132 1257 4201 Aldus
1273 4132 1355 4191 etiam
1369 4135 1437 4217 uta-

1344 4225 1438 4272 nutries.
