3784 5084
397 575 477 656 ¹102
669 546 1269 631 DuDIVlNATIONE

461 711 659 791 somnium
685 710 843 787 Sisenna
863 728 954 783 curn
982 704 1235 809 disputavisset
1259 699 1421 784 mirifice
1442 704 1491 785 ad

460 825 622 901 verbum
650 844 738 897 curn
762 844 802 896 te
835 815 1078 905 convenisse3
1126 826 1231 894 'tum
1265 817 1490 911 insolenter,

461 936 579 1013 eredo
623 934 670 1009 ab
704 934 893 1032 Epicureo
927 930 1057 1028 aliquo
1093 928 1279 1022 indueras,
1320 929 1489 1033 disputat

462 1045 622 1127 somniis
656 1045 757 1120 credi
784 1066 865 1119 non
896 1061 1095 1143 oportere.
1148 1038 1254 1117 Idem
1280 1060 1416 1120 contra
1438 1062 1489 1117 o·

460 1148 580 1234 slenta'
618 1154 716 1231 nihil
764 1154 941 1257 disputat,
982 1151 1215 1253 exponitque
1250 1153 1365 1230 initio
1396 1152 1489 1246 belli

461 1261 611 1344 Marsici
639 1268 864 1343 &Deorum
889 1260 1083 1342 fimulaera
1105 1256 1295 1354 sudavisse,
1323 1267 1365 1343 dc
1383 1259 1489 1342 'sam
1554 1289 1555 1292 ’

461 1381 621 1479 guinem
660 1376 811 1458 fluxisse.
851 1379 890 1452 dc
931 1367 1127 1452 disceffisse
1162 1376 1324 1464 caelum,
1367 1378 1407 1461 dc
1439 1399 1489 1453 ex

386 1475 391 1496 ¹
463 1489 620 1565 occulto
652 1489 794 1565 auditas
819 1488 888 1562 esse
911 1508 1025 1563 voces
1062 1508 1159 1585 quae
1196 1487 1360 1595 pericula
1393 1487 1489 1565 b‘elll

463 1604 700 1687 nuntiarent,
731 1604 769 1675 ὅ(
797 1597 993 1684 ³Lanuvii
1018 1597 1185 1699 clypeos,
1221 1596 1328 1698 quod
1361 1595 1490 1677 harus·

462 1712 607 1813 picibus
628 1704 879 1787 tristislimum
903 1709 1028 1785 visum
1052 1712 1152 1799 esser,
1181 1731 1202 1783 a
1223 1708 1397 1786 muribus
1417 1710 1491 1793 else

462 1822 629 1898 derosos.
699 1822 802 1921 Quid
835 1818 943 1919 quod
983 1823 1025 1902 in
1055 1820 1252 1898 annalibus
1289 1819 1491 1914 babemus,

462 1934 619 2008 Veienti
643 1932 761 2021 bello,
789 1953 880 2008 eum
904 1932 1005 2007 lacus
1035 1927 1213 2010 Albanus
1235 1952 1380 2034 praeter
1402 1955 1490 2010 mo*

464 2042 559 2118 dum
597 2040 779 2130 crevisset,
823 2040 1070 2118 *Veientem
1101 2043 1297 2142 quendam
1338 2041 1386 2120 ad
1416 2067 1491 2122 nos

463 2152 670 2230 hominem
693 2154 868 2230 nobilem
897 2154 1114 2254 profugisse,
1154 2163 1330 2255 eumque
1347 2153 1490 2248 dixisse,

463 2288 507 2339 ex
524 2253 622 2354 satis,
653 2287 749 2365 quae
774 2265 956 2343 Veientes
980 2263 1113 2366 scripta
1148 2264 1341 2346 haberent,
1369 2265 1491 2345 Veios

464 2378 547 2476 capi
571 2399 656 2452 non
676 2377 791 2478 posse,
830 2375 926 2450 dum
957 2376 1058 2458 lacus
1083 2378 1112 2451 is
1145 2376 1395 2456 redundaret:
1436 2381 1490 2470 de,

380 2510 383 2514 ’
463 2481 613 2567 filacus
650 2484 809 2568 emissus,
850 2485 1019 2591 lapsu&
1055 2487 1167 2569 cursu
1198 2489 1270 2566 suo
1301 2489 1349 2565 ad
1385 2510 1492 2571 maro

506 2720 518 2757 ι
538 2706 614 2761 Tum
629 2702 781 2778 insolenter]
805 2701 965 2779 Legendutn
987 2702 1073 2779 stodiis
1087 2701 1182 2761 militer
1194 2624 1495 2785 Roruunosllo'ruleosquo

466 2793 558 2835 tomen
582 2799 631 2853 pro
654 2794 723 2837 tum,
743 2796 774 2837 ut
796 2778 877 2836 habet
898 2778 967 2837 liber
995 2782 1165 2841 vaticinantis
1199 2783 1225 2839 r'to
1258 2783 1364 2841 nodum
1393 2788 1494 2860 cocinitq

467 2856 677 2931 manuscriptus.
713 2855 827 2929 Urlr'rnrs.
997 2855 1153 2936 Priusquam
1173 2878 1207 2917 ex
1226 2859 1285 2919 lacu
1300 2860 1404 2919 Albano
1426 2881 1496 2942 aqua

506 2951 521 2988 2
542 2937 700 3006 Sanguinem
711 2928 846 3027 fluxisse]
883 2932 969 2989 Resti·
994 2932 1086 2990 emilsa
1111 2934 1200 2998 soret,
1226 2956 1365 3017 nunquam
1389 2940 1496 3014 potitur

465 3010 566 3067 tuenda
582 3011 689 3066 videtur
710 3019 775 3067 baec
792 3018 879 3084 ogone
894 3008 968 3083 obstr·
995 3029 1058 3067 rum
1078 3013 1153 3070 Veiis
1166 3018 1496 3081 Romanum--Uour

468 3090 566 3164 quenti,
583 3088 631 3162 qui
653 3087 688 3143 de
710 3088 821 3165 Prodig.
841 3106 900 3162 cap.
922 3087 970 3163 83.
996 3106 1030 3144 rx
1037 3086 1148 3163 sturione
1160 3098 1289 3159 Romanu
1321 3092 1497 3173 llquurnou-

467 3166 520 3221 air:
540 3170 570 3219 In
587 3164 743 3240 Graecostnfi
755 3162 897 3232 &comitio
912 3164 970 3221 san-
996 3166 1065 3221 divio
1086 3165 1246 3259 haruspicem
1267 3190 1280 3225 r
1298 3170 1497 3249 r-coufforur

468 3242 553 3318 guine
566 3240 668 3319 fluxim
692 3242 738 3300 ubi
754 3244 809 3303 vix,
828 3262 859 3299 ac
874 3261 908 3299 ne
923 3243 969 3299 vix
996 3243 1026 3298 de
1053 3247 1156 3317 privato
1178 3250 1295 3380 portenti
1318 3250 1498 3324 procuratione

383 3362 385 3364 .
469 3318 591 3395 quidem,
616 3316 643 3375 se
661 3318 746 3398 Joan.
764 3317 905 3399 dchrffrrus
922 3337 969 3379 ex·
997 3320 1178 3396 coosulrrrvel
1202 3322 1262 3391 ,ad
1273 3321 1427 3405 colloquium
1442 3345 1498 3385 vu-

469 3395 582 3470 pedivit.
627 3400 704 3473 Lego
730 3399 849 3472 sanguen
871 3395 969 3475 fluxit.
996 3410 1051 3454 tem
1068 3398 1166 3458 elicuit.
1210 3398 1314 3482 Qum
1333 3423 1366 3461 ue
1380 3406 1503 3479 progrrffi

470 3472 578 3530 Praeter
609 3489 727 3538 veteres,
760 3479 855 3532 erdem
882 3473 973 3532 forma
996 3472 1074 3532 umbo
1087 3497 1106 3533 u
1118 3480 1170 3558 souis
1184 3475 1283 3553 longius
1296 3422 1370 3557 efflent
1386 3483 1497 3539 inermes

469 3555 604 3607 Petronius
627 3551 715 3609 utitur
737 3552 815 3610 Satir.
838 3569 898 3627 cap.
920 3572 971 3629 59.
989 3549 1046 3626 fine
1064 3552 1118 3612 ullo
1134 3570 1223 3623 mutue
1242 3556 1399 3633 praevolens
1410 3560 1499 3640 juvo·

470 3631 584 3697 novies.
998 3632 1037 3690 uis
1058 3638 1191 3690 Ronanus
1203 3635 1291 3707 senem
1314 3632 1449 3710 infirmum
1470 3638 1507 3694 iro

389 3745 391 3748 ’
472 3704 904 3858 ais⁴l“²zl;ls⁰'lnl⁵⁶‘
922 3724 973 3763 ¹¹⁰⁵
996 3708 1501 3850 ssss‘sll‘sullll'bs

509 3876 530 3932 4
550 3862 676 3915 Veientem
700 3861 829 3937 quendum
856 3860 896 3915 ud
918 3880 970 3922 nos,
990 3806 1101 3937 [qeinqad
1111 3866 1167 3939 [uos
1186 3865 1329 3942 transtulit.
1365 3867 1434 3951 Q?
1448 3853 1502 3927 Ro)

473 3932 601 3991 bominem
619 3935 736 4003 nobilem,
750 3936 851 4015 proflogi
869 3938 902 4011 r]
927 3940 974 4001 At,
999 3959 1074 3998 mono
1088 3944 1255 4019 adsertorum
1266 3944 1362 4022 miffus,
1377 3965 1445 4025 quae
1458 3945 1501 4005 es·

473 4012 733 4088 srLiviocredimus
748 4014 794 4071 lib.
810 4035 836 4073 v.
850 4032 908 4088 cap.
928 4034 972 4090 ¹5·
999 4017 1058 4076 sent
1082 4021 1216 4078 Veiorum
1249 4018 1302 4080 fata
1323 4022 1428 4081 docuit.
1464 4027 1503 4101 Et

472 4092 558 4145 Senior
583 4090 685 4167 quidem
710 4094 812 4153 Veiens,
844 4095 890 4168 qui
905 4094 973 4149 inter
999 4095 1033 4152 ad
1067 4097 1186 4155 eundem
1215 4095 1272 4155 sere
1294 4099 1411 4159 modurn
1439 4119 1501 4183 retu

471 4166 628 4248 cavillono
653 4170 680 4249 ir
697 4166 852 4253 satiatibur
876 4189 910 4255 rc
927 4190 975 4258 tr·
1001 4188 1110 4259 rutam
1136 4171 1355 4261 alternantia
1382 4177 1503 4257 omna

1429 4270 1495 4366 Q
