3784 5084
926 327 997 396 nun
1029 359 1032 364 .
1118 381 1128 389 ..

396 516 479 587 ,ιφ
701 498 779 580 on
806 411 1309 580 'urvinnriouu

464 656 676 751 “minibus
705 677 801 754 quae
831 651 959 730 futura
985 650 1080 742 imm
1115 673 1290 732 autnon
1325 623 1502 756 diligunt

466 777 492 812 ‘⁶
507 771 711 852 hominem
739 785 816 853 aut,
837 767 931 864 quid
953 762 1183 843 eventurum
1208 760 1264 847 stt,
1294 767 1505 865 ignorunt3

466 888 571 957 “aut
591 877 803 953 existimant
820 876 832 914 ¹
851 875 950 955 nihil
973 876 1158 958 intercise,
1174 876 1384 953 hominem
1408 878 1507 955 seire

466 988 601 1091 “quid
625 983 669 1064 sit
689 987 891 1073 futurum
939 1005 1004 1065 aut
1028 1012 1111 1065 non
1136 989 1293 1065 censent
1318 988 1391 1065 eiie
1415 988 1508 1067 suae

469 1106 494 1143 “
509 1097 721 1192 maiestatis,
744 1093 1037 1199 praefignifieare
1060 1098 1287 1177 hominibus
1306 1120 1408 1198 quae
1429 1093 1507 1176 sint

470 1218 497 1253 “
516 1211 663 1296 futura3
696 1212 713 1254 ²
732 1230 796 1287 aut
814 1233 859 1287 ea
877 1233 927 1285 ne
951 1204 1017 1312 ipii
1036 1212 1195 1312 quidem
1218 1204 1274 1287 Di
1294 1204 1507 1311 significare

467 1320 680 1423 “poffunt:
736 1340 774 1395 at
804 1343 928 1420 neque
957 1342 1041 1398 non
1075 1322 1243 1421 diligunt
1273 1342 1373 1406 nos3
1415 1318 1507 1400 suut

469 1435 619 1509 “enim
654 1430 838 1522 benefici,
875 1434 1083 1531 generique
1116 1431 1329 1510 hominum
1363 1433 1506 1509 amicit

470 1548 639 1644 “neque
665 1545 842 1645 ignorant
867 1565 1032 1641 eaquae
1058 1545 1106 1621 ab
1129 1537 1212 1643 ipsis
1234 1543 1440 1621 constituta
1466 1546 1509 1621 &

473 1650 706 1756 “designata
737 1653 845 1730 sunt:
896 1676 1023 1753 neque
1060 1652 1182 1733 nostra
1214 1652 1312 1729 nihil
1339 1651 1508 1744 interest,

474 1764 608 1843 “scite
630 1791 673 1843 ea
696 1788 793 1864 quae
821 1763 949 1842 futura
972 1765 1081 1853 sunt;
1124 1767 1262 1841 erimus
1287 1766 1398 1841 enim
1420 1787 1510 1842 cau·

473 1879 637 1957 “tiores.
660 1872 687 1951 si
709 1876 889 1952 sciemus:
918 1897 1046 1973 neque
1065 1877 1142 1955 hoe
1164 1879 1335 1954 alienum
1357 1874 1509 1953 ducunt

474 1986 502 2031 “
514 1986 704 2081 majestate
740 1984 824 2073 sua;
872 1984 970 2060 nihil
1005 1985 1056 2063 est
1100 1990 1207 2064 enim
1251 1982 1509 2064 beneficentia

474 2097 773 2197 “praestantiusz
815 2118 940 2194 neque
969 2119 1053 2174 non
1081 2098 1231 2199 possunt
1256 2096 1384 2174 futura
1404 2120 1511 2196 prae·

474 2213 501 2251 “
514 2207 693 2305 noscere:
746 2230 831 2286 non
858 2209 975 2309 igitur
994 2202 1051 2285 Di
1074 2208 1172 2291 sunt.
1196 2232 1270 2288 nec
1294 2202 1509 2309 fignificant

358 2353 360 2358 ·
476 2320 630 2396 “nobis
663 2318 817 2396 futura:
882 2320 971 2395 sunt
1009 2339 1137 2396 autem
1164 2314 1242 2397 Di:
1296 2314 1510 2421 significant

474 2446 628 2534 “ergoz
683 2435 724 2510 &
760 2454 865 2521 non,
909 2425 1169 2531 sisignificant
1202 2430 1344 2520 futura,
1384 2432 1512 2508 nullas

476 2542 607 2621 “dant
630 2545 705 2620 vias
730 2544 844 2621 nobis
869 2541 915 2619 ad
938 2537 1257 2643 fignificationum
1283 2541 1510 2631 scientiam3

479 2653 648 2731 “frustra
670 2656 776 2731 enim
798 2648 1070 2755 significarent:
1101 2677 1239 2753 neque,
1267 2648 1294 2728 si
1316 2653 1410 2730 dant
1422 2656 1512 2734 vias.

479 2771 604 2842 “non
629 2763 680 2839 est
703 2765 912 2842 divinatio:
965 2764 1017 2841 est
1045 2765 1159 2866 igitur
1189 2764 1415 2841 divinatio.”
1471 2764 1512 2841 Ο

479 2895 611 2953 acutos
632 2872 830 2955 homines!
869 2897 985 2975 quam
1009 2876 1136 2980 paucis
1158 2877 1281 2955 verbis
1302 2877 1513 2977 negotium

1281 2986 1509 3063 consciium

523 3111 534 3149 r
566 3089 643 3148 Nihil
675 3092 803 3169 itemst,
835 3090 978 3150 hominem
1049 3091 1112 3151 ibid.
1134 3091 1238 3151 Frustra
1269 3091 1379 3167 prorsus
1401 3092 1440 3149 est
1472 3094 1515 3150 vir

474 3168 564 3247 sciro]
602 3170 763 3248 Legendum
784 3167 850 3227 nihii
871 3173 982 3248 intereffe
1011 3170 1197 3228 dofflssrmus:
1225 3183 1413 3247 praeterquam
1436 3170 1515 3227 enim

481 3244 640 3308 hominum,
650 3250 715 3323 scire
728 3244 982 3326 quidsstfuturum,
1011 3248 1083 3326 quod
1103 3248 1167 3305 haee
1184 3246 1209 3305 le
1244 3262 1308 3305 ntur
1321 3248 1406 3304 etiam
1425 3244 1473 3303 lib.
1489 3240 1513 3304 Ῑ.

481 3340 513 3381 ut
530 3321 609 3379 habet
623 3326 712 3381 noster
728 3325 808 3402 supra
820 3324 867 3382 iib.
884 3328 907 3382 1.
923 3344 984 3401 cap.
1013 3344 1071 3400 cap.
1106 3324 1135 3382 8.
1152 3324 1203 3382 aliu
1234 3325 1272 3381 cst
1290 3326 1424 3398 ignotam
1442 3321 1515 3382 aliud

485 3401 533 3477 38.
554 3398 618 3457 haec
633 3402 708 3457 enim
724 3417 779 3459 vox
796 3404 825 3459 iu
840 3404 918 3478 omni
933 3402 984 3459 hae
1011 3344 1153 3477 fignificat
1172 3422 1220 3457 nnn
1238 3401 1309 3478 ροβε.
1354 3398 1428 3458 Muti
1450 3418 1518 3475 pro·

483 3478 689 3537 ratiocinatione
705 3475 840 3554 pluraliter
863 3476 984 3537 effertur.
1013 3478 1141 3539 culdubio
1165 3477 1290 3556 surdique
1310 3475 1395 3535 multa
1419 3477 1514 3541 sciant.

482 3559 595 3616 Davies.
1014 3575 1080 3635 quae
1103 3554 1234 3613 declarare
1252 3572 1309 3612 non
1329 3553 1454 3631 poffunt:
1486 3558 1518 3615 tt

523 3654 541 3693 ι
561 3642 620 3693 Aut
644 3653 676 3691 en
697 3652 729 3690 ne
751 3628 799 3708 ipſs
813 3632 920 3708 quidem
940 3636 987 3689 Dii
1014 3634 1047 3691 ab
1066 3633 1099 3689 iis
1114 3633 1171 3692 stat,
1193 3647 1240 3691 aut
1259 3632 1350 3708 potius
1363 3650 1398 3689 ex
1417 3650 1516 3690 eorum

478 3710 627 3789 figmfitm
638 3711 758 3790 poffunt]
784 3708 855 3767 Mihi
877 3708 929 3766 hoc
943 3725 988 3766 to·
1016 3711 1145 3769 sententia
1158 3707 1286 3786 loquitur,
1307 3712 1404 3770 Cicero,
1420 3710 1468 3786 qui
1486 3708 1520 3767 fi·

485 3804 546 3846 tum
563 3788 658 3847 frustra
676 3789 784 3847 videtur
806 3785 986 3845 inculcatum:
1016 3788 1055 3845 eri
1081 3785 1154 3863 poffe
1175 3806 1209 3844 ne
1245 3802 1289 3847 nt,
1317 3800 1348 3845 ut
1370 3784 1424 3843 ulla
1445 3787 1478 3845 stt
1503 3803 1521 3845 ι

483 3866 618 3935 uuorsum
646 3869 721 3924 enim
752 3869 881 3923 iteretur?
922 3882 985 3922 eum
1017 3865 1076 3921 Diis
1091 3882 1182 3921 rerum
1205 3805 1359 3921 itionum
1385 3862 1521 3941 fignifica-

486 3941 559 3999 idem
593 3944 724 4021 iiguifitet
750 3944 778 4001 id
803 3942 877 4020 quod
902 3942 986 4004 dixit,
1016 3944 1066 4001 tio.
1093 3944 1214 3998 Davt'es.

486 4018 843 4157 i
1037 4010 1521 4155 fir]

993 4211 999 4224 .
1426 4185 1528 4235 ertum
