3784 5084
422 555 424 559 ·
460 534 507 622 ln
531 538 828 622 cretionis
846 522 1014 621 ¹'Libram
1040 527 1113 620 Dr,
1143 529 1301 626 stro?
1347 534 1429 641 3'1'9

441 687 697 771 otiosissimum
711 690 816 748 redum
832 686 884 747 effe
894 687 1017 749 'rideatur
1038 690 1064 747 in
1081 694 1210 749 connexis
1225 696 1253 753 δι
1267 696 1424 772 conjunsbia

404 778 492 849 genus
505 770 643 835 orationis,
666 769 695 825 in
713 770 924 845 repugnantibus
945 783 1073 847 tanquam
1097 768 1271 844 depravatum
1288 778 1310 831 bi
1327 776 1427 831 ditior-

403 859 483 907 tums'
497 865 635 926 quumque
649 846 678 902 in
696 843 919 919 disputationibus
933 864 1019 922 genus
1029 845 1096 903 istud
1118 847 1202 904 Stoici
1216 846 1430 927 frequentarent,

405 922 511 983 idcirco
521 926 549 983 in
569 918 727 981 Tusculanis
748 934 796 979 eos
816 923 969 980 contortius
991 921 1152 981 concludere
1178 922 1256 982 dicit:
1281 930 1311 985 bi
1323 928 1367 985 lib.
1384 929 1425 987 li.

393 1000 442 1065 ‘de
455 1002 548 1059 Dirin.
563 999 609 1079 [c.
627 996 692 1133 51.)
711 998 746 1058 iic
769 997 870 1064 scribit,
905 1000 1005 1055 Deinde
1027 1013 1191 1079 contorquent
1213 997 1247 1068 ὰ
1268 1007 1308 1059 ita
1323 1004 1428 1063 conclu·
1496 1068 1498 1073 k

406 1078 482 1141 listis¹
502 1098 557 1135 non
571 1079 655 1156 igitur
681 1089 730 1134 tint
745 1074 793 1141 dli,
808 1093 858 1132 nec
872 1075 1021 1152 significant
1039 1074 1138 1135 sutura.
1177 1076 1301 1136 Natalia
1315 1082 1348 1139 de
1363 1101 1427 1142 cau·

408 1150 591 1214 satiricorum
607 1155 726 1215 sumena
741 1167 773 1210 ut
783 1152 908 1217 arbitror,
925 1153 1003 1217 dicit,
1021 1165 1102 1233 quam
1114 1154 1188 1235 quod
1203 1155 1233 1214 iii
1254 1154 1431 1221 lroc‘diecndi

409 1250 510 1312 genere
523 1232 590 1290 inest
603 1230 728 1307 asperitas
760 1229 883 1287 uaedam.

445 1312 586 1367 Stoicorum
602 1306 726 1385 confirm]
742 1250 791 1365 lie
805 1307 961 1365 Stoicorum
983 1320 1123 1385 praecepta
1144 1297 1301 1370 labefasiare
1319 1312 1430 1388 rideanq

409 1398 465 1451 tur,
481 1388 500 1446 si
518 1386 593 1445 aliter
607 1385 762 1443 enuncient.

447 1465 553 1544 niujai]
573 1461 726 1520 Difficilius.
761 1460 794 1518 In
807 1460 961 1519 Paradoxis:
975 1459 1069 1544 'Quod
1080 1480 1106 1517 eo
1125 1460 1212 1538 majus
1226 1463 1317 1538 estislr'.

447 1542 633 1611 continuis]
653 1537 729 1617 Qiae
742 1557 776 1595 ex
794 1536 1006 1613 repugnantibus
1021 1553 1211 1598 conteruntur.
1249 1542 1280 1599 Id
1297 1552 1383 1618 geniis
1396 1556 1430 1605 σ’-
1481 1545 1483 1550 ’

413 1619 524 1679 rationis
535 1616 651 1676 dilucide
666 1614 780 1673 declarat
786 1616 909 1671 Ciceronis
923 1613 999 1671 locus
1006 1614 1056 1672 lib.
1072 1618 1110 1673 ΙΙ.
1126 1616 1160 1672 de
1174 1618 1268 1675 Dirin.
1288 1620 1361 1696 [cap.
1369 1623 1432 1696 5r.]

412 1696 510 1755 Deinde
524 1707 696 1772 contorquent,
725 1691 760 1763 ό·
781 1694 821 1749 irs
836 1690 1004 1750 conclusistis.-
1033 1693 1100 1751 Non
1120 1692 1204 1773 igitur
1223 1693 1284 1753 sunt
1307 1696 1356 1765 dii,
1377 1713 1431 1758 noe

413 1765 563 1853 significant
579 1770 678 1831 fissura.
950 1834 954 1843 ,

446 1852 598 1925 signorum]
616 1850 719 1906 Eorum
734 1862 784 1902 ars.
840 1905 845 1914 ¹
1182 1887 1186 1896 .

451 1924 536 1986 Cri.
552 1928 603 1985 IX.
633 1927 683 1983 Sed
706 1924 744 1981 ass
763 1921 869 2002 illam]
890 1921 1013 1999 Explicat
1039 1914 1198 1983 sententiani
1226 1926 1354 1991 Diodori.
1379 1946 1433 2010 qna

415 1996 570 2081 Chrysippo
582 2002 742 2078 respondere
758 1999 853 2076 potest.
888 2000 1028 2057 Diodorus
1040 2013 1130 2057 autem
1146 2000 1232 2061 fatum
1245 2023 1300 2062 non
1316 2007 1431 2072 inducit,

416 2080 502 2139 sedin
521 2082 669 2140 enunciatis
691 2081 748 2138 vim
770 2076 915 2136 verborum
937 2079 1137 2153 interpretatur,
1160 2099 1215 2138 nnn
1237 2082 1375 2141 causarum
1391 2084 1433 2143 se.

416 2160 483 2216 riem
492 2160 585 2235 ponit,
600 2170 663 2217 c'um
679 2170 770 2213 tamen
794 2169 828 2211 ex
842 2155 869 2212 vi
887 2154 1034 2211 verborum
1052 2158 1079 2212 δι
1102 2173 1136 2210 eir
1150 2158 1379 2219 enuntiationibus
1393 2162 1434 2220 fa-

417 2250 477 2294 tum
494 2236 666 2294 confirmaret
681 2233 857 2311 Chrysippus.
895 2235 967 2289 Haec
981 2246 1073 2288 autom
1086 2231 1202 2291 Diodori
1218 2238 1361 2295 contentio
1374 2252 1433 2303 tots

416 2313 449 2371 sd
466 2313 582 2391 logicen,
598 2327 629 2370 ut
644 2311 723 2368 initio
736 2310 815 2370 dixit,
833 2308 959 2383 pertinet.
1290 2318 1292 2323 ’

452 2388 657 2461 enarrationem]
677 2386 826 2445 Contendit
841 2386 925 2446 enim,
943 2385 962 2442 si
978 2384 1042 2463 quid
1059 2386 1087 2442 in
1100 2385 1194 2444 futuro
1206 2406 1300 2446 verum
1318 2389 1358 2451 sit,
1374 2410 1434 2452 nnn

418 2468 491 2544 'posse
508 2486 563 2524 non
576 2468 693 2524 evenire.
732 2463 828 2524 Libros
847 2458 897 2539 “sl
915 2455 1022 2517 biart,
1041 2461 1208 2541 Chryfippua
1229 2464 1376 2543 scripserat,
1403 2471 1446 2533 sn.

416 2543 514 2623 quibus
526 2562 569 2599 ma
592 2563 623 2600 na
639 2543 675 2601 illi
690 2560 754 2599 cuni
767 2540 892 2599 Diodoro
904 2538 1016 2597 luctatio
1027 2553 1094 2597 erat.

458 2620 547 2701 Qvi!
600 2617 624 2677 ri
644 2620 737 2697 poffir]
769 2621 843 2676 Sitne
868 2615 1003 2693 ejusmodi
1025 2630 1057 2674 ut
1081 2618 1231 2681 neceffiuio,
1255 2622 1433 2692 utnDiodorn

421 2698 536 2760 videtur,
551 2699 665 2759 eveniat,v
682 2717 716 2756 an
734 2711 835 2757 utnon
852 2695 884 2753 fit
895 2694 997 2751 necesse
1012 2695 1126 2761 evenire,
1142 2714 1209 2775 quae
1222 2697 1367 2776 Chrysippi
1376 2700 1436 2759 sen·

419 2778 504 2832 tentia
522 2776 568 2833 est.

456 2851 541 2933 Qid
554 2850 661 2927 valeat]
680 2856 755 2930 Qae
773 2851 814 2911 vis
826 2849 859 2909 fit
873 2866 970 2907 eorum
986 2849 1201 2917 enuntiatorum,
1220 2852 1248 2908 in
1261 2852 1357 2932 quibus
1370 2855 1437 2933 quid

421 2927 478 2990 sieri
494 2929 564 3005 posse
577 2929 684 2987 dicitur.
723 2962 725 2966 Α

458 3006 579 3079 Diodoro]
603 3007 684 3082 Qiod
704 3004 763 3067 fieri
779 3002 865 3079 possit,
889 3003 979 3061 censet
993 3000 1131 3061 Diodorus
1145 3004 1392 3067 immutabilitatem
1407 3012 1437 3069 bt

422 3085 600 3140 necessitatem
614 3083 718 3143 habere,
738 3100 788 3137 nec
804 3080 860 3138 ficri
877 3080 949 3154 posse
963 3083 1028 3159 quin
1051 3083 1164 3138 eveniat.
1238 3138 1240 3142 ,

458 3163 590 3232 Airingi'ri
608 3160 647 3219 Ad
664 3159 730 3217 hanc
740 3159 908 3225 sententiaro,
923 3158 958 3215 de
967 3175 1019 3235 qua
1029 3159 1120 3234 quaeri
1133 3157 1206 3219 sciet,
1225 3161 1352 3236 pertinet,
1368 3182 1437 3243 quae

421 3235 491 3298 fiunt
507 3237 607 3294 neccsse
622 3234 673 3294 esse
686 3236 754 3294 fieri.

423 3325 425 3329 ·
459 3314 509 3369 Sed
521 3318 548 3369 in
557 3314 651 3390 fissili]
677 3316 744 3371 Non
771 3315 847 3374 irem.
875 3326 906 3369 ut
919 3313 948 3368 in
969 3310 1117 3386 praeteritis
1139 3322 1266 3389 apparere
1287 3316 1316 3373 in
1340 3308 1440 3378 sititis

422 3391 668 3449 immutabilitatem
687 3397 713 3451 &
732 3392 921 3453 necessitatem,
939 3388 983 3445 sed
1001 3388 1091 3453 latere,
1107 3389 1172 3446 cunt
1184 3405 1277 3449 tamen
1291 3378 1377 3451 nihilo
1386 3397 1440 3453 mia

424 3488 475 3525 nor
490 3470 531 3533 sit,
545 3488 612 3546 quae
626 3488 681 3524 non
696 3469 901 3526 effevidebatur
915 3469 944 3525 in
958 3465 1098 3544 plerisque.

460 3548 651 3617 Commutato]
674 3550 713 3603 Ut
728 3546 748 3603 si
764 3565 859 3603 verum
877 3547 909 3603 sit
922 3546 1046 3602 futurum
1061 3542 1169 3622 aliquid,
1192 3544 1219 3602 id
1240 3547 1355 3603 omnino
1374 3566 1439 3605 erc·

424 3623 483 3679 nire
498 3624 529 3679 sit
544 3622 659 3688 necesses
675 3627 703 3681 &
716 3622 737 3679 si
750 3625 923 3680 enunciatum
946 3624 980 3678 dc
993 3620 1087 3698 futuro
1108 3640 1202 3678 verum
1217 3622 1261 3687 sit,
1286 3641 1343 3680 non
1360 3625 1439 3699 possit

423 3702 453 3757 in
468 3698 748 3757 falsumcommutsri.
784 3703 823 3757 Ut
846 3702 920 3757 enim
942 3697 1125 3777 quaerebatur,
1149 3698 1267 3782 possetne
1288 3699 1441 3776 eloquentia

424 3775 454 3834 in
473 3775 611 3833 infantiam
627 3778 803 3837 commutari,
822 3781 849 3835 ὅ(
871 3779 956 3833 virtus
972 3779 999 3832 in
1022 3778 1120 3833 titium
1142 3777 1273 3837 converti.
1301 3776 1441 3835 inhomi·
1538 3785 1541 3791 '

424 3873 492 3911 num
508 3854 653 3913 dostoruin
674 3852 907 3930 disputationibus:
933 3855 1002 3911 item
1028 3871 1134 3930 quoque
1156 3852 1274 3927 possetne
1296 3873 1391 3914 verum
1407 3856 1436 3912 in

421 3929 520 3996 salsum
537 3933 675 3991 converti:
691 3932 762 4009 quod
774 3930 850 4006 plane
863 3917 1001 3988 Diodoius
1014 3945 1102 4007 negat.
1187 3941 1192 3947 ‘
1419 3978 1421 3985 ,

460 4010 591 4080 Mori'erur
601 3995 702 4085 teipso]
727 4008 900 4072 Aemilianus,
915 4010 961 4084 qui
975 4021 1039 4064 cum
1054 4006 1160 4071 Flacco,
1178 4006 1315 4072 Graccho,
1330 4014 1357 4070 br
1372 4011 1438 4067 Cat·

419 4081 492 4155 b'orii
505 4084 657 4152 'asteismus
670 4086 742 4162 esset,
758 4082 840 4145 'sortis
852 4084 1001 4162 'salsosque
1020 4085 1048 4141 in
1067 4083 1191 4146 cubiculo
1206 4103 1330 4145 mortuus
1346 4090 1451 4168 insen-u

733 4177 735 4180 ·
1393 4174 1443 4222 tus
