3784 5084
355 540 438 631 με
626 515 1217 641 ororvntnrrour

418 674 472 757 lril
491 671 534 758 fit
558 692 662 749 extra
686 673 823 760 fatum,
862 671 988 748 ¹nibil
1023 673 1136 751 levari
1160 672 1350 751 redivina
1375 670 1448 776 pol

417 786 496 862 test.
556 784 680 861 ·²Hoc
703 784 815 860 sentit
842 786 1044 873 Homerus,
1086 809 1177 860 cum
1214 783 1444 885 querentem

416 896 559 1009 Jovcm
593 896 760 974 inducit,
800 894 908 992 quod
950 896 1209 997 Sarpedonem
1255 896 1377 973 filium
1424 920 1445 974 a

419 1032 547 1084 morte
573 1027 706 1081 contra
739 1006 862 1080 fatum
889 1007 1034 1106 eripere
1057 1031 1139 1085 non
1169 1010 1299 1109 posset.
1358 1008 1446 1085 Hoc

418 1120 523 1195 idem
548 1112 725 1218 fignificat
746 1116 909 1193 Graccus
937 1121 1003 1193 ilie
1032 1119 1072 1193 in
1102 1140 1187 1194 eam
1217 1118 1447 1197 sententiam

418 1229 553 1310 versus,
1145 1280 1148 1287 .

481 1374 494 1420 ³
517 1359 631 1465 Qud
643 1358 724 1465 fore
744 1380 911 1468 paratum
937 1356 1005 1459 est,
1045 1358 1087 1434 id
1100 1356 1279 1465 summm
1303 1356 1449 1473 exfirpe·

580 1489 641 1547 rat
672 1472 819 1571 Jovem.

420 1613 571 1703 'Iotum
612 1612 779 1686 omnino
810 1606 931 1684 fatum
966 1608 1083 1683 etiam
1113 1604 1317 1702 Atellanio
1340 1606 1450 1685 versu

420 1728 502 1820 jure
534 1720 631 1797 milti
664 1719 736 1796 effe
765 1721 924 1795 inrisum
961 1719 1133 1813 videtur5
1185 1718 1309 1797 sedin
1337 1720 1449 1794 rebus

330 1900 332 1902 .
421 1853 502 1911 tam
527 1835 658 1921 severis
677 1853 760 1912 non
780 1832 829 1912 est
853 1831 1008 1927 jocandi
1026 1833 1147 1909 locus.
1193 1838 1215 1883 4
1233 1832 1451 1908 Concluda-

1287 1951 1290 1967 “
1386 1961 1450 2017 tur

419 2087 536 2159 iruerint,
556 2100 587 2143 ut
603 2104 633 2142 ea
650 2082 729 2140 verba
748 2083 917 2161 negligerent
950 2098 1001 2155 pue
1018 2081 1219 2158 complestitur.
1257 2084 1339 2148 Idem,

417 2185 449 2223 ec
464 2165 647 2239 praeterirent.
673 2160 746 2217 infra
759 2180 849 2218 autem
859 2182 914 2217 non
987 2176 1003 2213 2
1020 2169 1074 2217 Hoc
1083 2164 1162 2236 [ertit
1169 2171 1305 2223 Homerus,
1319 2180 1379 2218 cum
1388 2180 1451 2241 que·

416 2242 500 2319 longe
510 2242 545 2298 stc
562 2241 660 2297 habent
675 2254 729 2295 tres
745 2255 811 2295 vett.
826 2239 914 2297 Coid.
948 2249 1048 2300 rentem
1072 2239 1152 2317 δια]
1184 2248 1238 2297 Pet.
1261 2244 1382 2298 marius
1403 2239 1449 2300 lib,

416 2334 449 2378 ut
470 2318 555 2379 edidi,
587 2316 652 2373 nihil
678 2316 768 2375 levare
790 2319 917 2373 divinata
949 2330 1042 2371 xxxiv·
1065 2320 1127 2374 Var.
1144 2318 1219 2375 neu.
1238 2336 1297 2394 cap.
1320 2337 1366 2389 24.
1386 2316 1451 2373 scri·

414 2396 501 2476 potest.
539 2396 695 2453 Lambinus.
950 2388 998 2452 bit,
1025 2394 1066 2450 M.
1087 2394 1208 2451 Tullium
1232 2394 1367 2454 hocloco
1392 2411 1451 2450 me·

458 2475 560 2533 [bidei
575 2476 648 2529 enim
665 2469 729 2527 nihii
736 2468 772 2542 fit
787 2485 867 2526 extra
872 2470 918 2547 fa
953 2470 1039 2525 moria
1057 2470 1199 2538 vacillasse3
1231 2489 1287 2529 non
1307 2473 1381 2531 enim
1402 2474 1451 2551 Jo-

419 2555 494 2620 tremi
518 2551 571 2607 Vei
585 2549 697 2608 debenda
717 2549 754 2605 cst
770 2548 863 2604 vocula
881 2548 918 2605 sc·
952 2564 1014 2601 vem
1030 2548 1122 2605 induci
1136 2550 1169 2605 ab
1183 2552 1308 2607 Homero
1322 2568 1389 2607 cum
1403 2550 1451 2615 do·

394 2623 395 2627 ’
419 2629 526 2693 condar
552 2628 593 2684 vel
618 2626 642 2683 le
680 2626 774 2685 ndum,
788 2622 918 2696 fiautem
950 2620 1008 2687 iore
1027 2624 1181 2692 dicentem,
1210 2628 1315 2710 inquit,
1340 2626 1367 2684 se
1393 2645 1449 2684 nort

420 2703 486 2765 nihil
494 2703 531 2777 fir
545 2718 621 2759 extra
632 2646 735 2780 fictum.
764 2705 846 2764 Certe
863 2704 919 2759 vul·
953 2699 1024 2775 posse
1056 2703 1168 2769 interitu
1200 2702 1286 2763 filium
1325 2704 1452 2766 libente,

421 2798 484 2860 gata
505 2782 585 2837 iterio
608 2777 674 2834 ferri
691 2797 746 2834 non
770 2780 864 2853 potest.
889 2780 920 2837 fi-
951 2795 1016 2833 cum
1044 2795 1169 2853 cuperet5
1202 2780 1247 2841 sed
1270 2782 1452 2842 dubitantem,

417 2859 530 2936 quidem
547 2856 647 2911 Tullius
664 2855 819 2929 argumenti
834 2858 917 2912 Stoici
951 2873 985 2909 au
1011 2856 1064 2913 hoc
1093 2856 1182 2934 ipsum
1213 2856 1301 2916 facere
1327 2874 1453 2935 oporteat

417 2955 475 2997 nou
493 2930 718 3006 confirmationem,
741 2929 785 2990 scd
805 2930 920 3007 confuta·
952 2948 1047 2990 contra
1067 2929 1165 2993 farum.
1210 2937 1271 3011 Ego
1293 2956 1359 2995 vero
1383 2950 1451 3011 puto

418 3016 514 3069 tionem
549 3014 608 3087 jam
641 3028 713 3067 nunc
752 3010 919 3087 adgreditur.
954 3008 1105 3071 utranam,
1135 3030 1202 3072 cum
1224 3012 1289 3072 haec
1315 3013 1452 3076 scriberet,

418 3093 527 3147 Davies.
631 3145 636 3152 ,
953 3087 1116 3154 dormitasse,
1141 3105 1187 3148 aut
1206 3091 1287 3151 etiam
1304 3090 1453 3155 somnirffe,

460 3163 563 3223 rNihil
577 3164 658 3223 levari
674 3184 703 3221 re
719 3164 811 3231 divina
823 3162 921 3245 potest]
954 3178 999 3221 aut
1025 3180 1098 3222 certe
1123 3185 1233 3243 operam
1258 3166 1351 3225 lufiffe:
1390 3187 1453 3225 nam

417 3242 543 3306 Lambini
571 3242 705 3298 Codicem
739 3243 917 3299 Pithoeanum
952 3242 1060 3321 Jupiter
1082 3242 1139 3312 duo
1165 3243 1229 3301 facit
1256 3246 1327 3321 apud
1347 3248 1453 3305 Home·

417 3320 535 3399 aliosque
550 3319 619 3375 duos
643 3318 738 3377 tecuto
752 3320 862 3393 placuit,
880 3324 920 3374 ai·
953 3338 1025 3376 rum.
1071 3322 1196 3380 Primum
1221 3324 1351 3397 queritur,
1377 3323 1454 3384 fatale

416 3397 458 3454 hrt
475 3398 565 3454 levare
580 3397 707 3453 divinatio
724 3396 809 3472 potest.
846 3397 920 3471 Qrin
952 3394 1003 3453 effe
1021 3398 1203 3472 Sarpedonem
1228 3398 1314 3457 fdium
1329 3418 1344 3455 a
1361 3404 1454 3460 Patro·

417 3481 446 3535 bc
467 3478 505 3534 ita
526 3476 571 3535 dat
595 3478 665 3528 Ven.
688 3492 769 3545 ¹47¹·
808 3473 863 3535 Ast,
890 3488 922 3531 ut
954 3474 997 3530 clo
1012 3474 1137 3542 interfici.
1180 3477 1286 3534 Deinde
1306 3476 1454 3539 dubitat&

416 3555 537 3629 opinor,
565 3550 635 3615 aliud
659 3551 718 3628 egit
741 3552 781 3609 vir
801 3550 921 3607 douiffi-
953 3550 1085 3616 consultat
1100 3553 1169 3629 apud
1189 3553 1224 3616 se,
1246 3570 1341 3618 utrum
1359 3558 1455 3633 Sarpe-

401 3637 489 3700 Ιἰηιιε,
504 3650 569 3689 cum
590 3629 662 3685 hanc
685 3627 805 3702 probarit
827 3625 921 3684 iterio·
950 3629 1052 3685 donem
1075 3648 1091 3686 e
1115 3631 1233 3706 periculo
1251 3631 1361 3705 eripiat,
1389 3654 1454 3693 ana

416 3730 495 3767 rtem:
523 3727 581 3767 non
599 3707 674 3770 enim
689 3704 723 3761 de
744 3704 919 3766 divinatione,
955 3705 1077 3763 Patroclo
1100 3708 1220 3770 interimi
1240 3710 1313 3767 sinat.
1354 3715 1454 3789 Qreri·

417 3786 463 3844 seu
480 3785 637 3843 futurorum
653 3781 919 3859 praeientiendotum
952 3785 1020 3841 titur
1044 3782 1085 3842 his
1109 3785 1195 3842 verbis
1225 3787 1298 3843 Iliad.
1322 3795 1354 3849 n,
1383 3809 1453 3865 433.

415 3879 472 3926 arte
486 3864 544 3937 jam
568 3866 712 3933 tradimur,
737 3860 780 3915 sed
800 3873 861 3914 tum
885 3858 920 3915 de
952 3854 988 3913 οἵ
999 3882 1046 3931 μοι
1061 3856 1122 3925 ipbi
1141 3868 1194 3921 &c.
1219 3863 1371 3924 Dubitat&
1386 3885 1457 3923 con,

415 3939 520 4016 reliquo
540 3940 663 3993 Deorum
690 3936 773 3999 cultu,
800 3950 860 3991 tum
886 3938 920 3993 de
954 3937 1031 3998 fultae
1048 3937 1098 4005 his,
1117 3938 1154 3996 vs.
1171 3959 1240 4015 435.
1264 3941 1347 4010 utxt‘ae
1363 3936 1392 3996 it
1405 3966 1457 4018 μοι

416 4015 566 4076 sacrificiis,
590 4033 656 4089 quae
686 4018 723 4071 rei
752 4014 857 4069 divinae
879 4015 920 4073 vel
951 4009 1035 4090 »gordia
1055 4023 1109 4075 ἃς.
1147 4018 1300 4075 Lambinus.

416 4112 506 4175 petum
523 4093 675 4161 divinarunt
699 4110 800 4161 nornen
817 4093 920 4172 praeei-
989 4094 1059 4173 lbid.
1073 4094 1216 4170 brocsemir
1232 4103 1369 4165 Homero,
1390 4119 1456 4159 cum
