3784 5084
423 544 502 625 '108
713 525 1309 621 DsDIVINATIONE

490 694 561 784 tui,
592 714 759 792 eumque
783 710 869 768 tum
889 684 1063 781 Pifidam,
1092 710 1178 769 tum
1197 693 1388 772 Soranum
1402 700 1519 801 augu'

490 828 575 884 rem
601 802 673 880 esse
693 802 881 880 dicebant.
939 802 1089 909 Qtibus
1111 807 1216 882 nulla
1251 806 1449 886 videbatur
1473 815 1516 894 in

488 918 531 993 in
560 918 723 1016 auguriis
743 932 806 990 aut
834 913 1002 1011 auspiciis
1024 911 1232 1013 praesenfio
1262 918 1299 1004 [¹
1321 939 1384 996 aut
1397 920 1515 1000 scien·

489 1030 562 1117 tia]
593 1026 758 1102 veritatis
777 1024 952 1108 futurae3
982 1023 1166 1125 sapienter
1192 1029 1340 1106 aiebant
1363 1032 1411 1107 ad
1431 1035 1513 1135 opi·

489 1141 654 1216 nionem
677 1138 929 1236 inperitorum
948 1132 1018 1210 esse
1036 1132 1136 1213 fiuas
1151 1139 1365 1241 religiones.
1394 1146 1514 1249 Quod

488 1250 607 1349 longe
631 1249 733 1325 secus
756 1246 828 1323 est:
858 1262 983 1344 neque
1009 1249 1116 1321 enim
1140 1247 1413 1353 iu'pastoribus
1427 1255 1517 1347 illis,

488 1363 627 1460 quibus
649 1359 842 1435 Romulus
867 1354 1042 1459 praefuit,
1072 1362 1206 1435 necin
1231 1360 1312 1464 ipso
1332 1362 1514 1442 Romulo

489 1470 582 1549 haec
606 1469 788 1546 calliditas
811 1467 883 1544 esse
906 1470 1047 1566 potuit,
1078 1488 1120 1545 ut
1147 1470 1194 1547 ad
1217 1494 1387 1549 errorem
1418 1477 1518 1552 mul·

490 1579 662 1659 titudinis
687 1583 881 1682 religionis
904 1572 1098 1657 stmulacta
1122 1577 1338 1682 fingerents
1368 1582 1516 1662 seddif·

487 1690 633 1785 licultas
653 1694 834 1791 laborque
859 1688 1027 1768 discendi
1048 1690 1225 1768 disertam
1238 1695 1516 1795 negligentiam

488 1806 676 1881 reddidit:
719 1804 869 1877 malunt
894 1802 1000 1875 enim
1035 1800 1220 1895 disserere,
1259 1804 1357 1882 nihil
1382 1807 1453 1884 csse
1476 1810 1517 1884 in

490 1916 675 2015 auspiciis,
705 1934 822 2011 quam
843 1910 935 2011 quid
959 1905 1000 1984 fit
1022 1912 1198 1991 ediscere.
1255 1915 1359 2020 Qsid
1378 1915 1429 1992 est
1447 1918 1521 1995 illo
1567 1917 1570 1921 Δ

442 2063 444 2068 ·
490 2025 657 2127 auspicio
677 2024 857 2112 divinius,
886 2020 993 2120 quod
1021 2023 1119 2125 apud
1149 2041 1189 2101 te
1214 2027 1256 2105 in
1285 2027 1413 2106 Mario
1438 2027 1521 2111 esti

491 2154 534 2212 ut
558 2152 643 2211 utar
666 2124 913 2235 potissimum
936 2133 1089 2209 auctore
1110 2152 1163 2211 te.

544 2245 612 2321 hic
632 2242 743 2344 Jovis
766 2236 914 2348 altisoni
932 2233 1052 2344 sabito
1070 2242 1224 2350 pinnata
1246 2239 1408 2349 satelles,

543 2349 685 2433 Arboris
705 2379 724 2430 e
748 2371 880 2447 trunco,
901 2346 1075 2462 serpentis
1090 2349 1222 2459 samia
1253 2358 1380 2463 morsu,

1349 2475 1366 2513 2
1457 2470 1464 2486 .
1494 2472 1500 2487 .

531 2595 552 2633 r·
564 2583 625 2631 Aur
640 2571 775 2652 seientia]
799 2558 885 2629 Hasce
907 2588 988 2628 voces
1020 2571 1075 2630 Ubi
1090 2576 1197 2632 Servius
1214 2573 1278 2632 haec
1295 2462 1524 2635 babetszbelssg·

490 2672 556 2720 cum
571 2654 727 2708 editt.Ven.
743 2668 828 2721 ¹47¹·
844 2647 989 2705 acAscens.
1019 2648 1123 2712 loribus,
1150 2652 1197 2708 vel
1207 2652 1337 2729 filicibus.
1381 2656 1523 2731 Praepetes

491 2729 713 2805 praetermittunt
753 2726 833 2783 Paris.
867 2727 989 2781 Mertott.
1019 2742 1111 2784 autern
1124 2730 1214 2790 dicias.
1231 2728 1279 2787 vel
1290 2731 1362 2808 quud
1373 2733 1459 2806 priora
1477 2744 1524 2808 pe·

490 2805 590 2864 Bulliol.
620 2808 648 2862 bc
677 2806 748 2879 Reg.
775 2801 858 2879 iilipue
874 2802 992 2876 rejeciis
1020 2818 1096 2871 tunm
1118 2806 1271 2879 vulframmi
1284 2806 1525 2892 visura-Qi-

491 2884 594 2939 conllat
611 2879 749 2937 sententia.
785 2881 819 2935 Et
841 2877 902 2935 sane
922 2878 991 2936 nihil
1020 2883 1084 2937 dam
1104 2899 1241 2960 praepetes
1260 2886 1370 2947 tradunt
1392 2905 1449 2946 usu
1462 2902 1526 2945 tau·

490 2958 562 3017 aliud
580 2956 710 3014 exhibent
733 2953 815 3033 quim
835 2955 935 3011 uariam
955 2953 991 3010 le·
1021 2972 1081 3013 ram
1105 2979 1170 3017 aves
1200 2962 1266 3026 daei,
1295 2981 1364 3040 quus
1384 2964 1523 3040 prqpssius

490 3036 631 3094 ctionem:
651 3048 817 3110 quapropter
831 3050 874 3090 eas
885 3032 992 3089 uncinis
1019 3034 1186 3109 praevolant,
1205 3038 1252 3113 sed
1265 3042 1347 3096 etium
1362 3037 1435 3106 iocos,
1460 3061 1525 3119 quus

490 3112 638 3190 cingendas
652 3111 815 3186 putavimus.
851 3111 965 3167 Davies.
1022 3115 1143 3188 rapiunt,
1178 3116 1247 3192 quud
1279 3116 1359 3172 idonei
1389 3117 1524 3196 felicesque

529 3210 546 3245 2
565 3188 674 3266 Subigit·
686 3188 738 3263 ipsis
745 3186 827 3264 fusis]
839 3187 920 3243 Metti
929 3206 991 3243 cau·
1012 3192 1093 3267 fiant,
1118 3192 1185 3248 undu
1205 3190 1266 3249 bens
1289 3192 1403 3251 Daedali
1423 3214 1526 3270 pennas

491 3265 520 3333 sa
552 3265 659 3322 literam
696 3266 806 3321 tertiam
840 3263 993 3339 duplicabat
1024 3284 1168 3343 praepetes,
1191 3272 1255 3347 quia
1273 3268 1304 3326 le
1323 3267 1393 3336 kris,
1418 3277 1446 3330 in
1508 3276 1514 3287 ’

491 3342 646 3403 Lambinus.
685 3345 790 3399 Verum
815 3340 993 3401 Turnebus&
1023 3343 1071 3400 bus
1085 3344 1232 3420 periculum
1251 3343 1397 3414 metuebas,
1426 3292 1527 3416 inissa

491 3420 578 3480 Aldus
601 3437 695 3495 nepos,
717 3416 826 3475 inverso
845 3418 991 3476 verborum
1023 3425 1122 3479 tutiora
1138 3427 1275 3497 pervenis,
1300 3442 1438 3502 praepetes
1455 3431 1525 3485 enim

490 3496 645 3590 “dimnst
685 3507 716 3585 nt
735 3497 786 3572 ipſsa
803 3494 869 3628 {iris
884 3495 995 3571 subigit.
1015 3501 1081 3576 sisar
1094 3517 1159 3590 aves
1174 3500 1231 3557 boni
1243 3504 1367 3592 auguriis
1387 3502 1528 3594 quodhuis

490 3574 631 3636 Gulielmts
665 3591 765 3653 entque
786 3572 913 3649 pacebat,
928 3573 994 3650 sub-
1024 3577 1080 3640 lar,
1097 3596 1161 3655 quia
1179 3590 1308 3655 parvenit,
1330 3600 1380 3670 gua
1393 3579 1527 3657 cupiebat.

484 3655 548 3738 jicir
573 3652 625 3731 ipfil
639 3651 716 3732 fisis.
767 3648 867 3707 Balliol.
876 3649 995 3742 subigat3
1025 3652 1071 3710 Ob
1090 3652 1160 3742 hanc
1179 3655 1240 3718 sane
1258 3657 1427 3746 locutionem
1444 3661 1527 3733 νηὶ,

492 3731 565 3790 unde
594 3727 685 3787 forsan
714 3746 771 3785 non
796 3725 865 3783 maie
886 3726 995 3786 rescribi
1025 3730 1076 3789 lius
1092 3730 1159 3788 olrm
1182 3730 1214 3789 ab
1232 3734 1332 3812 Hygino
1355 3738 1410 3794 furt
1433 3754 1531 3811 repre,

492 3808 590 3884 possit,
616 3805 749 3886 sssbjagus
773 3806 826 3884 igis
847 3803 914 3882 feris
940 3811 994 3865 bec.
1026 3807 1529 3887 hmsus;.sed'immerito,proutmnl·

497 3886 611 3941 Davies·
1026 3887 1062 3942 tis
1081 3886 1198 3945 ostendit
1218 3886 1338 3963 Agellius
1366 3889 1405 3945 N.
1425 3892 1458 3948 A.
1478 3889 1528 3953 lib.

535 3958 732 4035 3Praeperibus
746 3960 848 4035 pinnis]
876 3960 920 4017 Sic
941 3963 996 4017 Vtr-
1028 3982 1066 4019 vr.
1091 3982 1149 4038 cap.
1170 3968 1199 4023 6.
1230 3966 1278 4044 qui
1298 3980 1390 4023 tamen
1414 3965 1528 4044 hujusce

382 4091 385 4099 ,
493 4037 574 4127 gilius
590 4037 624 4092 dc
638 4037 755 4095 Daedalo
771 4038 836 4093 Aen.
849 4058 887 4101 vr,
907 4057 951 4111 ¹5·
1028 4039 1081 4098 loci
1115 4044 1274 4100 ciceroniani
1303 4062 1359 4100 non
1391 4044 1528 4103 meminit.

534 4113 931 4252 Przepetibulspennispnsusss
943 4135 996 4174 crs·
1029 4118 1101 4178 Vide
1121 4122 1240 4187 Statium
1260 4119 1392 4193 Thebaid,
1415 4124 1453 4190 11,
1480 4140 1531 4267 353

589 4211 629 4249 ers
643 4209 722 4250 earo.
