3784 5084
335 327 628 405 rmus-''ss‘·1:·³··ji·
664 327 702 340 ··

618 511 865 625 um
919 542 969 638 11,
1026 562 1186 647 suet·
1421 564 1502 638 217

398 700 523 803 dytis.
550 714 594 777 ut
616 699 801 782 scribitur,
828 716 915 776 ante
943 696 1172 776 solstitium:
1218 719 1272 782 ut,
1301 692 1428 795 stiam

401 811 662 897 concedamus
688 812 833 911 aliquid
865 813 946 885 vim
980 810 1176 891 caelestem
1201 813 1245 888 ad
1274 816 1434 914 eosqui

404 925 448 1000 in
465 942 563 1000 terta
584 925 793 1025 gignuntur
814 925 1016 1025 pertinere,
1038 920 1304 1000 confitendum
1325 918 1370 998 fit
1390 927 1435 1001 ii·

403 1036 571 1125 lineos,
611 1035 680 1133 qui
705 1033 909 1111 nascuntur
937 1031 1077 1109 eodem
1107 1051 1297 1136 tempore,
1328 1034 1434 1134 posse

405 1149 430 1196 ⁴
447 1143 490 1223 in
522 1136 721 1222 dissimiles
761 1146 930 1224 incidere
963 1163 1113 1220 naturas
1152 1164 1307 1247 propter
1338 1148 1435 1225 caeli
1474 1204 1480 1219 „

403 1248 769 1333 diffimilitudinem.
834 1253 955 1359 Quod
976 1255 1141 1332 minime
1174 1257 1249 1332 illis
1285 1255 1436 1358 placete¹

403 1368 545 1445 volunt
564 1370 671 1443 enim
695 1368 766 1459 illi,
794 1368 925 1445 omnis
948 1364 1088 1442 eodem
1112 1385 1288 1467 ternpore
1311 1389 1434 1459 ortos,

402 1478 473 1575 qui
496 1477 638 1577 ubique
662 1477 748 1556 sunt
779 1480 872 1567 nati,
902 1476 1035 1554 eadem
1062 1477 1290 1554 conditione
1319 1478 1433 1557 nasci.

407 1588 483 1666 Sed
517 1612 615 1688 quae
640 1606 746 1666 tanta
769 1590 968 1666 dementia
1001 1585 1063 1675 est,
1103 1606 1146 1664 ut
1169 1589 1211 1665 in
1245 1593 1497 1683 maxumis45

404 1699 577 1777 motibus
614 1695 969 1798 mutationibusque
1009 1697 1103 1774 caeli
1143 1698 1241 1775 nihii
1276 1697 1451 1796 interfit„

405 1814 474 1909 qui
498 1828 647 1900 ventus,
676 1813 744 1909 qui
770 1810 908 1901 imber,
946 1831 1045 1908 quae
1067 1809 1261 1912 tempesias
1293 1812 1438 1910 ubique

401 1916 476 2012 stt?
520 1943 681 2022 quarum
708 1944 836 1999 return
867 1924 907 1997 in
942 1924 1140 2021 proxumis
1175 1923 1271 1998 locis
1306 1942 1437 2002 tantae

407 2024 731 2111 dissimilitudines
753 2031 858 2134 saepe
881 2033 981 2121 sunt,
1012 2048 1054 2106 ut
1080 2033 1151 2110 alia
1171 2034 1339 2117 Tusculi.
1364 2036 1437 2115 alia

407 2141 1067 2245 Romaeevcniat-saepetempestas.
1102 2144 1235 2248 Quod,
1247 2148 1315 2244 qui
1334 2148 1437 2222 navi·

407 2274 513 2355 gant,
544 2277 723 2342 maxume
746 2253 1068 2343 animadvertunt,
1108 2270 1202 2330 cum
1218 2257 1259 2330 in
1283 2255 1438 2338 fleeten-

408 2366 465 2447 dis
476 2366 753 2467 promunturiis
768 2384 971 2449 ventorum
985 2367 1220 2445 mutationes
1239 2387 1438 2448 maxumas

408 2474 514 2577 saepe
529 2477 703 2555 sentiant.
733 2479 835 2553 Haec
847 2477 960 2575 igitur
975 2496 1065 2549 cum
1082 2468 1124 2550 srt
1139 2491 1224 2551 turn
1240 2474 1433 2569 serenitas,
1506 2556 1510 2562 ‚

407 2608 491 2663 turn
506 2587 740 2691 perturbatio
753 2587 845 2663 caeli
860 2615 872 2674 3
895 2585 995 2661 estne
1010 2584 1189 2661 sanorum
1205 2584 1433 2678 hominum,
1508 2680 1511 2683 ¹

407 2696 483 2788 hoe
509 2700 558 2777 ad
584 2696 822 2775 nascentium
850 2715 957 2774 ortus
980 2695 1201 2796 5pertinere
1222 2721 1306 2775 non
1330 2698 1432 2777 dice-

408 2832 460 2902 re,
481 2809 589 2911 quod
614 2832 696 2886 non
723 2827 825 2886 certe
848 2810 1032 2912 pertinet:
1062 2806 1159 2885 illud
1182 2807 1313 2886 nescio
1336 2809 1435 2910 quid

1302 2939 1437 3013 tenue,

411 3024 502 3082 Durus
517 3022 625 3083 videtur
640 3022 769 3103 loquendi
791 3022 907 3085 modus,
934 3043 982 3083 run
995 3022 1201 3103 circulorumque
1216 3021 1282 3083 cneii
1295 3045 1329 3083 ex
1344 3028 1440 3086 devere

409 3120 459 3158 nec
478 3120 512 3159 eo
530 3110 609 3159 usum
623 3104 768 3160 Ciceronem
784 3100 906 3159 credide-
930 3100 1268 3176 gentiu&convexierribus
1280 3105 1371 3160 mundi
1383 3126 1437 3161 vu·

409 3180 474 3237 tim.
514 3178 653 3244 Rescribo,
680 3182 708 3236 in
724 3176 848 3253 diffirniles
868 3180 905 3235 in
934 3182 1015 3236 rietus
1024 3179 1070 3253 fit,
1085 3181 1141 3256 quie
1154 3199 1202 3236 non
1215 3180 1308 3237 videte
1324 3184 1439 3248 Eaedem

408 3257 489 3328 cidere
499 3256 648 3331 genituras,
659 3274 726 3333 quae
742 3276 796 3313 vox
813 3255 908 3315 thema
934 3258 1018 3329 igitur
1025 3253 1128 3331 stellae,
1150 3267 1195 3334 per
1215 3257 1282 3329 qu'at
1298 3261 1384 3316 omniu
1399 3260 1442 3316 di·

409 3332 562 3391 natalicium
575 3334 668 3409 passim
683 3333 804 3392 denotat.
823 3332 904 3391 idern.
935 3336 1002 3390 vinu
1016 3331 1187 3409 burnunuqiee
1203 3333 1280 3413 pirri,
1300 3338 1355 3409 agi,
1382 3355 1441 3393 cor·

445 3429 464 3485 5
488 3412 619 3469 Pertinere
641 3429 690 3468 non
714 3412 814 3472 dicere,
859 3411 911 3467 uod
937 3411 1062 3477 tendunt,
1080 3408 1160 3481 fieuti
1181 3429 1228 3468 nnn
1254 3414 1442 3491 usquequaque

409 3504 465 3555 non
480 3502 550 3557 ferte
562 3490 687 3565 pertinet]
706 3489 779 3565 Reg.
795 3492 822 3547 bt
836 3430 908 3545 aa·
935 3491 1043 3564 pruinas
1055 3502 1106 3546 aut
1117 3486 1213 3546 celeres
1229 3490 1310 3555 cient3
1319 3490 1366 3563 sed
1378 3508 1440 3557 rriu-x

410 3562 463 3633 tab.
489 3565 556 3632 deut
577 3567 705 3641 pertinere
721 3565 818 3629 dicere,
841 3565 913 3642 quod
936 3580 998 3622 tant
1018 3562 1054 3634 ό·
1080 3567 1208 3630 variant,
1231 3566 1450 3643 tempestatesque⁴

408 3660 456 3721 ppt
471 3657 540 3702 eerte
552 3643 673 3719 pertinet.
706 3643 752 3699 Ast
767 3641 853 3699 alieno
868 3642 908 3699 lo·
937 3644 1023 3700 eedern
1039 3647 1067 3699 in
1090 3654 1204 3719 tempere
1224 3638 1288 3699 alibi
1311 3641 1437 3715 placidus*

409 3738 443 3779 co
465 3720 550 3796 posite
572 3718 611 3777 est
636 3718 765 3795 particub
787 3737 900 3795 negans:
937 3718 1003 3776 aiibi
1016 3718 1277 3789 pteunrasmrvent:
1295 3737 1439 3784 curnoue2

408 3816 472 3871 nam
485 3815 565 3855 mens
580 3797 706 3854 Audieris
720 3796 907 3872 reponendum
937 3811 1020 3853 ventu
1046 3815 1146 3875 quoque
1163 3814 1252 3853 rerum
1269 3813 1303 3850 uc
1331 3799 1441 3870 negotie-

407 3874 573 3948 demonstrut
596 3877 722 3949 pertinere
744 3892 792 3929 non
811 3874 908 3938 licere,
937 3892 1000 3930 rurn
1018 3871 1076 3929 ulia
1103 3872 1212 3947 efficiunt
1230 3875 1256 3929 in
1280 3870 1440 3937 Chaldaeis,

407 3951 476 4032 pupis
490 3966 558 4018 reete
569 3952 690 4027 pertinet.
715 3950 844 4008 Similiter
860 3952 909 4007 Fa·
936 3950 994 4007 asin
1013 3952 1039 4005 in
1060 3947 1196 4011 Gaetulis,
1220 3949 1277 4008 ulie
1297 3952 1370 4026 apud
1390 3955 1441 4026 Ni·

404 4031 521 4167 issi
546 4026 909 4189 sissinius:
937 4026 1017 4183 sut
1040 4029 1444 4196 turrestrium
1507 4108 1509 4112 ψ

412 4177 516 4207 '·'
745 4171 795 4181 ”
883 4146 1036 4205 ”’
1126 4177 1129 4182 ’
1309 4173 1440 4256 rattruut
