3784 5084
828 571 865 652 c
895 594 924 650 A
954 591 991 653 Ρ.
1048 595 1090 666 7,
1123 582 1158 649 8.
1433 595 1521 692 279

417 718 683 818 inmutabilia,
717 745 791 803 nec
812 724 854 805 in
883 724 1022 802 falsum
1047 748 1069 803 e
1090 746 1184 801 vero
1212 712 1451 827 ‘praeterita

413 836 567 941 poffunt
591 842 841 936 convertere)
875 829 901 912 fi
926 838 1043 938 igitur
1062 836 1170 938 quod
1202 841 1373 939 primunr
1401 847 1445 923 in

412 971 596 1028 connexo
630 947 691 1031 eli.
726 948 973 1027 neceflarium
998 945 1071 1035 est3
1118 945 1162 1023 fit
1186 951 1303 1025 etiam
1333 956 1443 1051 quod

413 1059 663 1162 consequitur
675 1061 934 1137 netellarium.
963 1062 1210 1163 Qramquam
1226 1059 1303 1138 hoc
1318 1063 1443 1166 Chry-

412 1166 522 1275 stppo
542 1189 626 1249 non
646 1172 796 1249 videtur
817 1169 942 1248 valete
968 1172 1011 1247 in
1034 1170 1231 1247 omnibus.
1290 1172 1364 1252 Sed
1390 1196 1445 1254 ta·

413 1303 521 1366 men.
542 1276 570 1358 li
594 1284 773 1361 naturalis
799 1282 847 1359 eli
870 1283 992 1371 causa,
1035 1282 1167 1358 curin
1192 1285 1288 1359 mari
1310 1286 1446 1368 Fabius

412 1415 498 1482 non
523 1396 722 1486 moriatur,
747 1398 790 1471 in
813 1396 910 1470 mati
928 1394 1064 1472 Fabius
1086 1395 1189 1468 mori
1211 1418 1294 1471 non
1312 1399 1444 1499 potell.

410 1505 499 1583 Hoc
523 1506 615 1583 loco
637 1500 867 1608 Chryfippus
890 1504 1056 1582 aestuans
1077 1502 1158 1580 falli
1180 1503 1300 1606 sperat
1326 1508 1445 1588 Chal·
1483 1521 1504 1586 8

410 1615 528 1694 dacos
548 1613 770 1717 ceterosque
792 1617 956 1708 divinos,
982 1637 1110 1715 neque
1130 1637 1197 1690 eos
1217 1615 1348 1697 usuros
1370 1620 1445 1702 else

367 1781 370 1787 -
409 1728 763 1823 conjunctionibus,
799 1746 843 1805 ut
867 1733 918 1804 lta
942 1726 1006 1806 sua
1030 1744 1207 1830 percepta
1239 1736 1442 1827 pronunti.

409 1856 506 1929 ent,
549 1837 588 1915 Si
611 1842 697 1941 quis
730 1855 839 1919 natus
863 1839 914 1917 eli
938 1842 1088 1917 oriente
1113 1836 1312 1931 Canicula,
1342 1841 1373 1917 is
1399 1845 1443 1924 in

409 1951 509 2027 mari
534 1973 618 2029 non
640 1952 852 2032 morietur:
882 1948 944 2029 sed
959 1952 1086 2053 potius
1109 1949 1162 2024 ita
1180 1949 1324 2042 dicant,
1342 1951 1449 2035 Non'

409 2065 450 2150 lic
474 2081 587 2138 natus
616 2063 665 2140 est
704 2065 788 2161 quis
812 2065 962 2141 oriente
1001 2061 1204 2150 Canicula,
1240 2066 1313 2140 ²&
1337 2065 1369 2141 is
1400 2067 1442 2145 in

407 2175 507 2249 mati
529 2176 728 2251 morietur.
771 2173 810 2247 Ο
833 2175 1028 2251 licentiam
1053 2172 1287 2270 jocularem!
1316 2199 1365 2252 ne
1388 2179 1446 2279 ip·

409 2284 447 2360 se
474 2283 617 2361 incidat
641 2288 683 2364 in
706 2283 939 2367 Diodorum,
967 2286 1081 2363 docet
1107 2279 1336 2375 Chaldaeos,
1359 2310 1442 2384 quo

405 2395 521 2498 pacto
542 2418 608 2478 eos
632 2418 822 2499 exponere
848 2417 1022 2499 percepta
1052 2408 1242 2501 oporteat.
1312 2400 1438 2503 Quae·

1393 2532 1442 2585 1²0

406 2610 483 2693 tur]
515 2609 609 2689 Vulgo
625 2612 751 2687 dicentur.
788 2614 824 2670 At
838 2615 907 2669 Har·
939 2632 997 2671 cras
1017 2610 1138 2671 tumebit
1159 2617 1298 2692 Epicurus,
1326 2615 1442 2672 nocella·

405 2687 483 2747 leian.
497 2693 525 2749 δι
543 2688 649 2747 ellicus.
663 2691 805 2760 dicuntur
826 2690 908 2770 idque
938 2691 982 2749 rio
996 2709 1054 2748 cras
1067 2708 1224 2753 caenaturus
1238 2695 1276 2752 eli
1291 2692 1439 2768 Epicurus:

405 2767 523 2824 tciiunt.
559 2769 673 2824 Davin.
937 2768 1010 2847 quod
1033 2785 1181 2849 utrumque
1207 2783 1288 2844 negat
1310 2767 1441 2845 chrysip-

440 2863 461 2917 4
484 2852 514 2899 ln
536 2840 576 2899 bis
598 2842 734 2926 habebis]
771 2842 822 2901 alii
846 2843 907 2901 libri
940 2865 997 2919 pus.
1014 2848 1141 2905 Latratu.
1160 2847 1441 2909 lbid.8iccutnl.am-

405 2920 504 2979 habent
531 2920 677 2985 babemus,
714 2922 788 3001 quod
815 2924 907 2980 minus
936 2922 994 2988 bino
1006 2923 1079 2985 dedi,
1092 2924 1292 2988 nonhabemus,
1302 2938 1334 2980 ut
1346 2922 1442 3001 vulgo.

403 2998 504 3072 proba:
533 2997 588 3055 hoc
603 3000 676 3056 enirn
693 3001 800 3058 videtur
819 3004 907 3057 Cicero
939 3002 1085 3080 Ceteroqui
1101 3002 1160 3076 girat
1177 3003 1215 3060 eli
1237 3000 1371 3077 perplexa,
1388 3018 1440 3058 nec

404 3075 518 3141 sentite;
543 3076 563 3152 ξι
578 3077 770 3151 comprobabis
785 3078 850 3135 haec
865 3075 905 3134 di·
938 3076 1049 3135 ulterius
1061 3079 1226 3156 conjeeiurit
1237 3078 1302 3137 libet
1314 3076 1441 3156 indulge·

402 3154 465 3213 vina
480 3153 626 3228 praedicit,
640 3152 684 3213 stu
694 3154 809 3221 oraculi,
823 3171 908 3233 etque
935 3174 975 3212 re.
1012 3158 1125 3215 Davies.

402 3248 465 3287 vera
481 3235 511 3290 lic
528 3230 669 3290 ucccll'atia
694 3232 809 3308 putabis.
836 3233 904 3290 inci·
976 3251 995 3306 5
1009 3231 1174 3310 Karthagine
1181 3231 1346 3306 potiturum]
1363 3232 1440 3294 Libri

401 3307 448 3367 des
468 3308 497 3364 in
519 3307 669 3388 angustias,
695 3327 760 3387 quas
777 3310 904 3368 reformi·
936 3324 1040 3367 veteres
1058 3307 1166 3375 habent,
1183 3308 1377 3385 Karthaginem
1393 3323 1439 3388 po·

401 3384 463 3443 dat:
484 3401 550 3444 uam
564 3401 607 3447 tu,
623 3385 669 3462 qui
686 3382 774 3447 fatum
811 3387 905 3447 uident
935 3391 1069 3456 titutum
1083 3390 1157 3447 &ita
1165 3387 1325 3465 legendum.
1339 3386 1436 3448 Lami.

402 3409 903 3611 nulla
936 3468 1159 3617 rilint
1185 3465 1438 3601 nunna

400 3538 471 3675 ffin
495 3615 600 3679 fitturo.
624 3616 683 3677 fieti
696 3563 754 3677 tlon
775 3618 858 3695 poffe,
878 3624 904 3678 &
939 3620 1039 3679 nostro.
1081 3623 1175 3699 Vugo
1195 3620 1320 3694 converti.
1364 3617 1437 3678 Vide
1461 3607 1477 3655 5'

420 3692 476 3751 uod
489 3711 586 3752 vetum
600 3694 638 3752 el‘t
652 3693 681 3750 in
696 3694 799 3761 futuro,
814 3694 904 3762 neces·
938 3716 989 3756 nos
1002 3697 1037 3756 ad
1051 3715 1110 3775 cap.
1127 3718 1156 3771 9.
1193 3699 1307 3760 Πανία.
1485 3750 1502 3774 Ὤ

400 3714 471 3827 Erro
492 3784 671 3831 eventurum:
694 3791 763 3851 quae,
782 3774 821 3831 est
839 3773 907 3831 Dio·
952 3771 956 3778 ’
975 3794 991 3848 7
1010 3777 1078 3833 Etis
1097 3776 1208 3839 minari
1222 3769 1362 3847 morietur]
1380 3772 1441 3833 Bal·

399 3847 464 3905 dori
483 3846 624 3912 sententia.
668 3850 808 3917 Diodorus
832 3851 907 3915 eninr
936 3849 992 3921 liol.
1012 3855 1083 3930 Reg·
1108 3856 1135 3911 &
1153 3851 1265 3908 Caatab.
1284 3847 1374 3909 addita
1393 3870 1443 3911 nc·

401 3926 469 3984 haec
486 3924 722 3991 dicentium
737 3928 775 3986 est
795 3927 861 3987 haec
879 3946 908 3984 e·
938 3928 1021 4009 gandi
1039 3927 1178 4008 particula.
1200 3927 1275 3989 dant,
1295 3931 1315 3985 is
1332 3929 1358 3983 in
1372 3929 1444 3988 muri

400 4004 540 4063 nuntiatio
563 4004 592 4060 in
606 4002 720 4070 futuro,
740 4024 800 4062 crat
815 4023 909 4064 cam·
938 4023 995 4064 non
1010 4009 1145 4083 morietpr.
1182 4006 1255 4084 Hoc,
1271 4003 1445 4065 consentien-

399 4079 442 4162 bit
460 4084 596 4156 Epicurus,
612 4102 669 4141 non
685 4084 772 4160 potest
789 4081 858 4145 lieri,
877 4098 909 4141 ut
938 4082 1012 4142 tibus
1031 4077 1123 4154 libris,'
1139 4078 1316 4142 iudicandum
1338 4083 1444 4157 putavit

403 4174 464 4215 crat
479 4170 572 4215 caenet
595 4160 742 4235 Epicurus:
764 4164 803 4225 &.
821 4159 911 4220 livera
940 4159 1007 4218 licet
1022 4160 1094 4222 milri
1130 4160 1349 4222 raeterauiioris
1369 4176 1451 4219 meu·

403 4229 443 4326 pi
469 4234 535 4322 haec
558 4239 711 4324 enuntiatio
738 4241 769 4320 ia
799 4239 907 4321 futuro,
940 4250 998 4296 tem
1014 4236 1067 4298 effe
1082 4239 1111 4299 ui
1132 4311 1135 4318 ¹
1160 4251 1215 4318 tur.
1252 4237 1341 4298 idem.
1452 4285 1455 4290 .

945 4316 1002 4411 Sp
1332 4314 1451 4424 aguit
