3784 5084
457 546 504 631 In
535 549 830 632 thnnortrs
858 542 1021 623 Librum
1045 540 1118 619 Da
1141 544 1288 623 Fato.
1375 574 1449 643 325

428 710 493 755 rum
509 693 662 756 irrisionem
676 696 785 755 incidat,
811 696 858 773 qui
878 692 952 751 nullo
969 692 1056 751 modo
1071 692 1142 751 ferre
1163 708 1286 771 poterant
1299 694 1444 774 quicquam

419 769 476 836 sine
491 772 568 829 causa
583 774 641 831 fieri
654 775 725 832 dici:
749 790 780 830 ac
798 789 829 830 ut
842 774 871 829 in
890 770 977 828 atomi
991 785 1071 828 motu
1086 786 1167 850 negat
1183 772 1347 829 extrinsecus
1364 792 1444 850 quae·

415 846 532 913 tendam
547 852 663 914 tanim,
679 854 716 909 ita
733 868 841 927 quoque
856 851 885 907 in
899 848 1110 925 appetitionibus
1124 863 1204 928 negat
1216 849 1266 905 effe
1283 851 1443 928 quaerendas

417 926 626 1002 antegreffiones
640 928 787 987 causitum.
1346 953 1349 960 ·

453 1001 546 1086 Ql
556 1024 618 1062 cum
632 1008 672 1064 ira
679 1004 737 1084 fit]
765 1005 915 1061 Verum&
932 999 1028 1059 falsum
1049 1003 1078 1058 in
1098 1005 1246 1062 enunciatis
1265 1000 1333 1059 nihil
1354 1002 1441 1062 adfert

418 1082 510 1135 taulic
525 1098 574 1138 cur
586 1081 674 1140 fatum
688 1084 729 1141 srt.
768 1083 863 1137 Fatum
879 1079 954 1135 enim
976 1098 1032 1136 non
1051 1079 1132 1135 fuerit
1149 1081 1203 1137 stne
1218 1078 1364 1137 necessariis
1377 1098 1440 1137 cau-

415 1154 462 1223 fis:
485 1170 513 1214 at
528 1171 561 1215 ut
576 1178 674 1223 verum
690 1164 718 1221 ὃς
732 1157 827 1223 fassum
844 1157 885 1218 lit,
908 1156 1015 1219 efficere
1030 1155 1137 1231 possunt
1159 1159 1250 1218 causae
1268 1154 1395 1214 fortuitae
1409 1162 1439 1216 lt

414 1230 589 1363 poluntariae.
627 1239 681 1295 Hie
704 1238 789 1316 igitur
802 1235 1004 1313 argumentatio
1022 1233 1168 1311 Chrysippi
1190 1236 1329 1312 repetitur,
1355 1238 1383 1295 &
1396 1235 1439 1292 di,

426 1323 509 1369 uitur.
812 1357 814 1361 Α

447 1394 563 1450 Futura,
583 1391 683 1468 inquit]
701 1390 877 1469 Chrysippus.
1257 1428 1259 1432 ·

447 1464 538 1551 Quae
555 1469 666 1547 cerasum]
683 1471 721 1528 At
740 1468 828 1530 causas
842 1465 938 1531 habere
952 1466 1060 1542 possunt
1083 1466 1206 1531 fortaritas
1220 1470 1248 1527 &
1265 1463 1436 1535 voluntarias,

410 1559 468 1603 non
484 1562 519 1602 ex
528 1546 683 1604 aeternitate
696 1546 773 1603 sertas:
800 1547 836 1608 fic
851 1546 926 1606 enirn
937 1543 1114 1620 respondetur
1130 1543 1292 1619 Chrysippo.
1369 1558 1372 1565 ’

449 1620 502 1677 Ca
514 1640 540 1678 r.
561 1622 627 1679 ΧΗ.
648 1624 797 1699 Coeftbium
817 1622 970 1699 negocium]
999 1623 1097 1678 Cicero
1118 1620 1153 1677 de
1175 1622 1268 1677 Divin.
1290 1617 1349 1696 [11.
1364 1619 1434 1700 49]

449 1716 515 1765 uam
536 1702 626 1773 paucis
651 1700 738 1758 verbis
757 1703 889 1773 negotium
911 1698 1050 1776 confilium
1077 1711 1185 1774 putent.
1227 1699 1271 1755 Sic
1295 1700 1432 1759 Martialis

409 1774 471 1846 [to.
489 1776 512 1831 1.
529 1777 626 1852 Epigr.
640 1779 702 1851 aa]
718 1784 758 1834 Tu
764 1777 870 1855 fabiam
890 1774 938 1838 ribi
958 1794 1014 1833 rem
1025 1776 1120 1851 statim
1135 1774 1241 1857 putasti.
1276 1777 1382 1837 Dulius
1395 1777 1434 1837 est

410 1846 501 1906 sermo
517 1851 550 1907 ab
565 1852 714 1912 hominum
729 1854 896 1932 pastionibus
912 1856 940 1912 δι
954 1856 1084 1927 negociis.

444 1932 503 1987 Sine
517 1930 618 2005 caufflt]
639 1932 722 2011 Quod
736 1932 785 1990 tibi
810 1951 866 1989 non
880 1930 1053 1990 concedetur.
1090 1932 1165 1990 Nam
1178 1944 1211 1989 ut
1224 1929 1271 1991 fiat
1283 1931 1338 1989 line
1350 1934 1432 1993 causis

408 2022 443 2061 ex
457 2008 613 2064 aeternitate
630 2027 740 2067 natutae
755 2009 933 2070 manantibus.
967 2026 1024 2065 non
1045 2008 1092 2069 liet
1104 2023 1196 2067 tamen
1210 2009 1265 2067 sine
1279 2010 1361 2067 caufis
1374 2009 1432 2069 sor-

409 2085 481 2149 tuito
500 2087 663 2161 antegressis.

424 2162 568 2303 stCauffiana
589 2165 675 2238 caufflt
681 2163 783 2241 serens]
806 2166 847 2220 Ex
865 2181 899 2219 eo
914 2160 1054 2218 causarum
1076 2159 1154 2219 series
1175 2162 1276 2220 dicitur
1289 2160 1385 2227 fatum,
1402 2166 1431 2229 id

409 2254 424 2292 e
444 2278 453 2301 ,
475 2237 559 2311 rippaie
572 2239 661 2295 altior·

441 2318 588 2391 sexcentis]
609 2321 662 2387 Pro
676 2318 788 2388 infinitis
804 2321 831 2376 &
852 2317 1002 2383 innumeris
1024 2313 1147 2377 sexcenta
1169 2317 1258 2384 Latini
1275 2315 1365 2374 dicere
1385 2317 1429 2375 so·

405 2389 471 2450 lent.
507 2399 594 2452 Cicero
609 2397 640 2453 ad
664 2399 796 2461 Atticum,
811 2394 879 2452 Belli
889 2394 1044 2472 periculum,
1064 2392 1182 2451 militum
1196 2392 1354 2471 improbitas,
1364 2396 1427 2471 fixe

406 2486 482 2538 centa
495 2484 632 2547 praeterea
648 2475 713 2530 alia.

439 2552 543 2607 Situm
557 2569 606 2607 non
620 2552 691 2629 effer]
708 2552 780 2607 Cum
795 2550 859 2608 esset
880 2548 1003 2617 nondum
1019 2561 1104 2623 capta.

440 2634 483 2681 Ne
501 2625 548 2683 illa
564 2631 667 2705 quidem
686 2632 788 2703 eversa]
806 2629 849 2685 Sic
864 2625 957 2683 locum
972 2626 1072 2682 restitui
1084 2643 1118 2682 ex
1128 2624 1202 2683 libris
1214 2624 1329 2702 scriptis.
1360 2632 1427 2696 Serr-

404 2704 489 2774 tentia
502 2705 549 2766 est,
573 2724 607 2763 ne
621 2722 698 2782 capta
720 2707 832 2784 quidem
854 2704 929 2767 urbe,
956 2722 1018 2759 vera
1040 2702 1121 2759 fuerit
1141 2706 1305 2769 enuntiatio,
1329 2705 1426 2780 Capiet

404 2780 497 2868 Scipio
514 2783 706 2853 Numantiam:
735 2802 790 2845 non
812 2783 887 2840 enim
902 2779 930 2837 id
949 2782 1009 2856 jam
1028 2780 1162 2844 futurum,
1189 2781 1233 2839 scd
1249 2784 1424 2857 praeteritum
1482 2821 1492 2830 «

406 2871 470 2915 erit.

439 2935 519 3007 Potest
532 2936 629 3013 igitur]
649 2940 676 2994 Si
690 2957 727 3000 ert
743 2957 808 2995 vero
827 2938 856 3000 in
872 2934 968 2998 falsum
981 2932 1071 2993 futura
1092 2937 1192 3002 mutari
1207 2934 1323 3009 possunt,
1340 2937 1426 3011 posset

403 3010 502 3089 aliquid
517 3013 620 3071 fastum
635 3015 694 3081 effe,
721 3017 794 3094 quod
814 3012 908 3073 laistim
930 3013 1013 3071 fuerit
1033 3016 1157 3083 futurum
1178 3012 1238 3076 effe.
1274 3015 1328 3070 Hic
1347 3015 1423 3075 enim

403 3090 503 3146 Cicero
517 3108 551 3147 ex
566 3092 684 3151 Diodori
698 3092 828 3150 sementia
839 3092 993 3167 Chrysippo
1008 3091 1257 3166 respondet.&1ine
1271 3090 1327 3155 fato
1341 3091 1424 3159 docet

401 3163 492 3223 futura
509 3168 687 3227 immutabilia
709 3169 760 3227 else
780 3169 862 3246 polit.
900 3173 1008 3237 Locum
1027 3186 1074 3242 per
1088 3168 1331 3245 interrogationem
1350 3168 1423 3246 lego.

435 3244 576 3320 lustrantia]
596 3247 751 3310 Praesentia.
784 3251 874 3311 cicero
886 3245 921 3301 de
937 3249 1015 3313 Orat.
1050 3248 1086 3305 11,
1105 3244 1172 3324 25.]
1186 3252 1272 3302 Genus
1288 3248 1421 3324 eausaeeat

406 3320 577 3396 controverſsa
583 3324 661 3400 flesti.
677 3323 724 3390 vel
739 3345 772 3381 ex
811 3326 880 3390 ‚uri
897 3322 945 3378 vel
955 3342 990 3381 eat
1003 3326 1030 3378 in
1048 3325 1127 3380 antis.

437 3400 512 3476 Corase
530 3401 623 3479 uenti]
643 3404 755 3465 Futuro,
782 3402 901 3481 equenti.

436 3418 544 3553 caustis
556 3478 766 3560 immutabiles]
780 3484 819 3538 Ut
840 3477 898 3537 vult
910 3475 1088 3556 Chrysippus.
1127 3477 1312 3549 Immurabiles
1327 3491 1418 3540 autem

401 3552 496 3610 causae
510 3553 599 3612 fatales
613 3555 675 3613 sunt
688 3560 716 3614 δι
736 3556 899 3614 necessariae.
1243 3594 1246 3599 <

438 3639 476 3686 Et
491 3645 581 3705 tamea
593 3646 654 3706 tam
667 3633 700 3708 esi
713 3631 898 3703 immutabile]
915 3635 991 3711 Quae
1002 3631 1132 3706 sententia
1145 3632 1184 3708 eii
1198 3632 1325 3700 Diodori.
1358 3651 1360 3654 ·

436 3704 600 3785 Hortenssus]
618 3711 675 3788 Qti
690 3710 822 3788 Cicerone
831 3709 896 3782 haec
905 3710 1041 3782 tondente
1051 3710 1110 3785 jam
1125 3723 1251 3773 mortuus
1267 3724 1334 3768 erat.
1363 3712 1419 3768 Ha·

399 3784 479 3843 bebat
494 3802 585 3843 autem
600 3788 629 3844 in
642 3792 709 3864 agro
726 3787 879 3846 Tusculano
894 3785 984 3845 villam
1000 3788 1166 3844 Hortensius.

437 3869 532 3919 Verum
543 3882 591 3919 nan
605 3863 651 3938 est]
670 3864 701 3921 ld
718 3865 764 3922 est.
787 3883 849 3922 rer-a
862 3865 978 3921 nonest.
1017 3862 1214 3942 Inconsequens
1228 3882 1314 3940 prope
1328 3864 1417 3923 oratio

400 3959 435 3998 ex
451 3939 646 3997 consuetudine
657 3941 859 4000 disieliitorum
874 3942 1080 4017 disputantium.

438 4016 571 4100 Quorum
586 4018 624 4092 isti
640 4023 785 4094 neutrum]
809 4020 947 4095 Epicurei.
970 4020 1019 4101 qui
1037 4014 1196 4093 hujufinodi
1215 4020 1418 4091 enuntiationes

398 4112 452 4178 pte
463 4112 547 4184 veras,
564 4113 614 4173 net
627 4094 702 4170 susas
714 4096 765 4169 ‚effe
779 4097 933 4233 dieuutppt
956 4096 1029 4182 ditet
1044 4093 1118 4169 infra
1135 4095 1241 4180 Cicero.
1367 4179 1400 4246 N

937 4193 952 4278 p
1397 4191 1423 4233 aa
