3784 5084
428 561 507 643 '100
690 532 1285 635 oaorvtunrroun

499 706 701 799 cubabant,
730 711 819 808 quia
853 732 940 785 veta
970 707 1109 809 quietis
1137 707 1287 784 oracula
1321 704 1526 789 ducebant.

499 820 567 897 Ad
587 822 711 899 nostra
730 824 806 917 jam
832 821 961 897 redeo.
1017 823 1181 928 Qtotics
1205 818 1351 894 senatus
1371 819 1527 896 decem·

501 936 604 1009 viros
642 934 687 1009 ad
715 932 832 1008 libros
856 934 911 1008 ite
944 924 1073 1025 iussit?
1109 929 1306 1035 ¹Quantis
1338 931 1378 1005 in
1414 931 1527 1007 rebus
1576 965 1579 970 ·

501 1065 696 1141 quamque
737 1048 843 1142 saepe
882 1038 1062 1143 responfis
1098 1039 1338 1143 haruspicum
1372 1044 1527 1142 patuit!

503 1154 610 1228 Nam
635 1158 674 1232 δε
697 1176 787 1230 cum
810 1154 889 1231 duo
906 1148 969 1228 vist
992 1152 1088 1229 soles
1106 1152 1235 1232 client,
1274 1156 1313 1229 ἃ
1339 1174 1430 1228 cum
1451 1170 1528 1228 tres

502 1265 630 1355 lunae,
660 1270 699 1341 &
722 1288 813 1341 cum
848 1264 959 1355 faces,
1008 1267 1047 1341 δε
1079 1285 1169 1341 cum
1198 1262 1253 1337 sol
1280 1263 1393 1338 nobie
1429 1262 1528 1339 visus

502 1373 604 1466 esset,
633 1378 671 1453 ὃ(
694 1399 783 1453 cum
812 1378 959 1452 eeaelo
990 1374 1164 1451 fremitus
1183 1376 1344 1463 auditus,
1374 1376 1413 1450 ὅ(
1435 1393 1528 1450 cum

502 1479 861 1564 caelumdiscessitle
886 1488 1011 1562 visum
1034 1485 1084 1561 est
1112 1496 1254 1585 ²atque
1280 1488 1321 1561 in
1338 1506 1390 1560 eo
1403 1488 1528 1560 anim·

502 1593 643 1673 adversi
680 1599 798 1698 globi.
823 1631 833 1670 a
868 1599 1004 1675 Delata
1038 1599 1156 1673 etiarn
1189 1596 1236 1672 ad
1271 1593 1444 1672 senatum
1476 1599 1530 1673 la·

504 1707 570 1784 bes
593 1710 670 1809 agri
693 1710 934 1800 Privernatis,
965 1730 1053 1786 cum
1077 1708 1124 1783 ad
1150 1705 1341 1785 infinitam
1361 1706 1528 1785 altitudi-

503 1842 596 1895 nem
621 1839 717 1895 tetta
745 1818 951 1910 desedisset,
994 1819 1212 1921 Apuliaque
1244 1820 1432 1894 maxumis
1455 1837 1529 1897 ter·

503 1954 565 2006 tae
590 1929 758 2007 motibus
790 1927 1029 2030 conquassata
1053 1932 1166 2006 ess'et:
1204 1930 1342 2030 quibus
1374 1948 1530 2031 porten-

503 2042 552 2114 tis
572 2062 710 2138 magna
731 2043 878 2142 populo
892 2042 1078 2117 Romano
1101 2040 1200 2116 bella
1223 2040 1529 2141 perniciosaeque

503 2150 713 2226 seditiones
732 2152 1068 2229 denuntiabantur.
1120 2154 1240 2252 Inque
1261 2152 1319 2227 his
1344 2154 1530 2229 omnibus

503 2260 678 2361 responsa
704 2263 942 2363 haruspicum
963 2287 1053 2340 cum
1080 2262 1242 2355 Sibyllae
1259 2257 1419 2339 veribus
1436 2285 1532 2340 con·

503 2373 701 2475 gruebant.
758 2376 874 2481 Quid,
914 2398 1005 2452 cum
1044 2375 1219 2451 ³Cumis
1240 2371 1392 2476 Apollo
1424 2373 1530 2451 suda·

1457 2504 1516 2563 vtt

546 2607 557 2645 r
577 2588 703 2670 Qumis
725 2592 751 2645 iu
773 2589 850 2647 rebus
869 2610 1003 2671 quamque
1034 2587 1084 2647 lius
1104 2586 1245 2669 obliquent
1272 2592 1307 2649 de
1334 2589 1449 2671 etodrg.
1469 2540 1531 2670 cap?

495 2677 572 2753 saepe
584 2678 695 2753 testones
704 2675 867 2754 haruspicum
878 2683 968 2753 paruit
976 2683 1001 2754 l]
1037 2687 1101 2725 ¹¹²·
1140 2672 1219 2726 Idem·

1035 2914 1094 2956 rant
1103 2902 1238 2957 Historici.
1253 2898 1534 2980 VideJoeu.Feeiufh·

546 2992 561 3029 2
591 2979 682 3050 Atque
711 2974 741 3029 in
770 2992 805 3029 eo
831 2978 1008 3058 animadvers
1035 2978 1133 3033 amium
1150 2978 1183 3035 ad
1202 2977 1269 3034 Fieri
1284 2976 1331 3035 lib.
1349 2978 1535 3055 11.eap.vrtt»

504 3050 589 3127 globi]
610 3052 696 3107 Miror
712 3049 771 3107 fine
786 3057 1003 3115 memoriaenon
1040 3073 1064 3127 3.
1083 3060 1119 3113 At
1133 3055 1204 3112 aliud
1216 3070 1271 3113 etat
1288 3053 1445 3115 mirabilius,
1461 3054 1534 3130 quod

508 3128 653 3206 prodidiss'e
669 3128 806 3191 nostrum,
830 3137 908 3207 cujus
928 3150 1003 3193 natu·
1036 3133 1069 3188 de
1083 3133 1209 3190 Cumano
1221 3130 1535 3207 tradideruntripollittet

508 3225 553 3262 rae
569 3204 718 3282 colorisque
737 3203 839 3264 fuerint
860 3209 901 3266 isti
923 3211 997 3289 globi
1039 3228 1100 3265 narn
1124 3210 1263 3287 quatriduo
1275 3208 1375 3287 flevisse
1397 3210 1536 3266 nuntiatus

509 3284 591 3340 Forte
606 3301 671 3339 vero
684 3282 804 3340 defectus
820 3284 865 3341 hic
883 3288 1008 3347 Libratiis
1040 3286 1079 3360 ts,
1106 3300 1137 3343 ut
1159 3285 1242 3366 resert
1264 3286 1425 3361 Augustinus
1448 3287 1482 3343 C.
1498 3287 1535 3343 D.

510 3360 738 3434 estimputandun
747 3360 902 3441 scripsitque
909 3368 1008 3431 noster,
1039 3363 1083 3420 lib.
1099 3367 1150 3422 III·
1169 3382 1227 3438 cap.
1242 3384 1282 3422 xl·
1304 3361 1401 3421 Saltem
1417 3363 1538 3420 mutuum

511 3454 593 3515 atque
607 3439 633 3491 in
643 3454 754 3495 eorunm
766 3439 945 3516 animadvers
953 3444 1008 3517 glu—
1039 3460 1071 3495 ac
1085 3455 1137 3498 tres
1153 3444 1232 3498 nouas
1247 3441 1411 3503 lacrimavit,
1427 3440 1538 3497 st'Livie

512 3514 547 3573 bi.
585 3515 657 3571 Nam
665 3518 729 3592 suut
744 3513 888 3590 chasmate.
904 3539 966 3578 tum
979 3542 1010 3577 a·
1041 3517 1105 3575 fides
1119 3517 1165 3575 lib.
1182 3538 1262 3576 xerat.
1278 3537 1338 3595 cap.
1357 3536 1368 3575 r
1373 3538 1403 3595 5.
1430 3518 1473 3574 De
1487 3516 1539 3577 hu·

514 3593 638 3669 liquando
653 3589 838 3667 caelispatium
854 3596 962 3669 discedit.
977 3598 1010 3665 (a
1040 3592 1160 3668 jusmodi
1181 3615 1247 3653 vero
1272 3598 1406 3673 portentis
1431 3592 1539 3651 Plutar-

516 3688 666 3727 sunmrau
682 3667 803 3745 debsceus
822 3668 899 3726 velut
918 3677 944 3730 iu
964 3675 1010 3731 ab·
1044 3670 1105 3728 chus
1128 3674 1245 3748 optime.
1291 3668 1395 3728 'Idaeae
1416 3666 1465 3745 fait
1478 3663 1540 3747 pits,

514 3748 568 3804 dim
582 3748 697 3821 astutae,
721 3761 752 3803 ut
771 3749 809 3805 ait
833 3756 927 3806 Seneca
946 3753 1011 3811 Nat.
1046 3752 1141 3827 inquit,
1154 3748 1316 3823 &adimere
1335 3750 1432 3824 quana
1447 3757 1472 3833 αξ
1490 3739 1540 3805 sb·

495 3824 622 3899 ·Quaest.
634 3822 681 3880 lib.
695 3825 718 3880 l.
734 3840 792 3900 cap.
810 3844 854 3898 14.
877 3829 944 3885 Sane
959 3850 1014 3887 cae·
1045 3828 1192 3903 uersuum,
1219 3826 1260 3898 aas
1274 3851 1336 3892 uuae
1353 3821 1466 3904 udaium
1486 3822 1542 3884 nai·

516 3899 574 3956 sum
600 3903 686 3975 visuum
710 3901 837 3977 discedere:
861 3903 915 3975 (stc
941 3910 1014 3965 enirn
1048 3896 1094 3967 dut
1112 3902 1288 3978 αἱματόδᾈς,
1315 3910 1347 3967 tiu
1364 3901 1483 3964 eliaam
1498 3905 1541 3964 int

500 2854 567 2922 ‚vide
583 2866 674 2909 notata
694 2853 727 2910 ad
743 2871 801 2927 cap.
819 2873 894 2913 κων.
929 2866 1006 2918 Dav.

516 3994 583 4034 curn
611 3974 734 4055 s'cheffero
764 3978 927 4055 legendum,
961 4004 1014 4041 nort
1050 3982 1088 4048 uu>
1112 3982 1161 4059 ,dp
1184 3984 1247 4057 siaa
1271 3985 1314 4054 aja
1337 3981 1397 4042 λίθοι
1416 3981 1541 4046 numae

515 4054 677 4132 descendere‚)
693 4058 768 4136 crustas
783 4056 861 4112 hiatu
883 4078 1015 4121 eenricus
1050 4054 1093 4116 uie
1118 4063 1207 4139 tigrim
1239 4060 1358 4132 mausueta
1390 4060 1492 4140 usurpem
1515 4060 1541 4117 ii·

515 4150 658 4209 asstante
675 4144 862 4207 apparaturam,
871 4137 1003 4220 traditJa
1048 4136 1174 4217 γῄηπς,
1193 4137 1293 4210 naabi
1311 4136 1338 4201 dl
1353 4140 1439 4221 χρὼς
1452 4142 1541 4201 enau-
