3784 5084
620 506 1127 604 *crottam
1419 508 1498 606 '119

400 666 477 746 nec
495 654 687 743 diliimilis
706 662 793 740 sane
815 661 1074 741 somniorum.
1130 660 1238 739 Nam
1262 685 1359 764 quae
1380 665 1435 743 vi-

399 777 608 880 gilantibus
640 776 817 854 accidunt
844 775 1004 856 vatibus,
1039 776 1174 852 eadem
1203 778 1316 853 nobis
1343 776 1431 855 dor·

399 888 632 965 mientibus:
671 888 774 986 viget
795 888 902 963 enirn
926 888 1076 974 animus
1101 890 1142 964 in
1163 887 1317 972 somnis,
1351 890 1430 965 *li-

401 1002 548 1100 berque
573 990 733 1073 sensibus
756 998 803 1073 ab
828 1000 942 1073 omni
966 999 1206 1099 inpeditione
1241 1023 1430 1082 curarum,

398 1113 550 1208 jacente
586 1113 626 1185 &
656 1127 816 1185 mortuo
846 1132 964 1209 paene
995 1133 1168 1211 corpote.
1224 1113 1304 1218 Qui
1339 1114 1430 1210 quia

402 1224 496 1299 vixit
525 1221 573 1297 ab
598 1222 711 1312 omni
738 1222 960 1297 aeternitate
995 1220 1233 1322 versatusque
1258 1222 1308 1297 est
1339 1246 1428 1306 curn

401 1327 748 1411 innumerabilibus
767 1332 915 1411 animis,
942 1335 1089 1414 omnia,
1117 1357 1215 1433 quae
1237 1336 1279 1409 in
1299 1353 1432 1412 natura

401 1467 532 1523 rerum
550 1443 652 1535 sunt,
669 1437 834 1530 vidct3st
856 1442 979 1518 modo
998 1447 1216 1545 temperatis
1231 1443 1321 1521 escis
1343 1468 1432 1522 mo·

403 1555 574 1654 dicisque
603 1554 829 1656 potionibus
857 1556 908 1629 ita
934 1554 984 1629 est
1010 1554 1188 1647 adfectus,
1231 1575 1273 1632 ut
1303 1557 1432 1655 sopito
1539 1611 1543 1616 .

404 1690 568 1767 corpore
590 1665 667 1767 ipse
690 1667 833 1765 vigilet.
889 1665 993 1741 Haec
1015 1664 1243 1743 somniantis
1265 1668 1314 1742 est
1337 1666 1432 1744 divi·

403 1780 526 1869 natio.
583 1777 658 1855 Hic
685 1798 825 1878 magna
865 1776 1055 1876 quaedam
1087 1779 1267 1868 exoritur,
1306 1802 1433 1876 neque

404 1912 449 1966 ea
469 1890 648 1965 naturalis
677 1887 740 1963 sed
763 1883 976 1978 artificiosa,
1014 1887 1258 1967 somniorum
1288 1890 1434 1967 ‘Antr-

403 2001 547 2103 plronis
572 2000 846 2100 interpretatio,
876 2000 1095 2100 eodemque
1129 2002 1253 2078 modo
1286 2006 1325 2080 ὅ(
1352 2025 1435 2080 ota·

404 2115 585 2189 culorum
605 2116 643 2188 &
661 2111 1002 2188 vaticinationum:
1035 2104 1157 2190 ⁶sunt
1182 2117 1289 2191 enim
1311 2114 1436 2217 expla·
1544 2207 1547 2212 y

405 2243 574 2305 natorcs,
613 2242 654 2298 ut
679 2221 930 2298 Grammatici
966 2224 1186 2301 Poitarum.
1256 2226 1364 2302 Nam
1394 2244 1436 2300 ut
1486 2303 1492 2320 ⁴

406 2357 546 2413 autum
566 2337 618 2439 §g
632 2351 848 2435 argentum,
878 2355 952 2429 aes,
978 2333 1123 2413 fetrum
1147 2333 1277 2413 frustra
1304 2356 1439 2412 natura
1538 2321 1559 2389 ἕ·

400 2526 404 2534 ,
1310 2447 1438 2522 divina
1498 2441 1546 2476 ”“

444 2550 625 2689 ild2gtlpjttgicio
637 2550 846 2682 Lacedaemtpia
870 2628 875 2639 ¹
935 2549 1041 2683 tlipnetn
1059 2549 1267 2683 apertenplapilit
1288 2552 1377 2640 noster
1392 2549 1440 2613 lib.

478 2650 496 2685 u
517 2648 553 2692 er,
592 2645 795 2689 erorumunm
813 2640 911 2684 vemet.
971 2645 1025 2684 .ca
1047 2672 1054 2685 .
1073 2649 1113 2686 tn.
1183 2642 1436 2693 u,1nutt,naru·

408 2709 519 2765 Primus
532 2708 570 2763 est
586 2706 731 2773 iambicus,
753 2705 849 2782 reliqui
865 2723 911 2761 re·
940 2704 1007 2767 eale,
1026 2647 1080 2762 Eut
1099 2710 1264 2764 concitatione
1273 2650 1377 2764 qmtntis
1400 2709 1440 2763 edi

408 2805 443 2844 ro
456 2801 520 2847 tres,
537 2783 713 2858 Anapaestiei.
751 2785 862 2839 Daviet.
942 2780 978 2850 ό»
1003 2780 1079 2861 preest
1098 2783 1179 2859 fiendi
1207 2783 1364 2845 videbatur,
1387 2796 1439 2838 aut

450 2881 466 2917 2
484 2861 577 2918 Eodem
593 2862 667 2918 enim
682 2860 770 2935 modo]
787 2858 912 2917 Abundat
940 2865 1036 2927 animo,
1056 2876 1102 2937 per
1119 2865 1238 2937 [omnum
1260 2882 1388 2919 sentinus
1405 2879 1440 2917 ετ

410 2958 467 2999 vox
484 2938 608 2996 secunda.
643 2939 725 2995 Idem.
942 2958 1026 2997 coris
1049 2958 1152 3001 vacuo.
1176 2942 1313 3015 provideri.
1348 2940 1442 2995 Dete

450 3014 577 3094 3multe
598 3033 616 3070 a
635 3011 843 3072 vaticinantibus
853 3015 914 3083 sae·
943 3016 999 3091 ipsa
1012 3017 1120 3094 egimus
1133 3015 1210 3093 supra
1223 3036 1338 3092 cap.30.
1362 3023 1439 3072 Dav.
1504 3039 1509 3060 ι

408 3106 442 3186 pe
460 3094 617 3170 praedidia]
642 3093 739 3149 Codex
761 3094 789 3148 S.
813 3094 912 3146 l'iiioeit
981 3112 1001 3168 5
1020 3092 1172 3168 Antiphonis
1190 3094 1380 3170 interpretatio]
1399 3094 1442 3149 De

411 3172 546 3249 interjicit
558 3169 767 3226 vaticinantibus
782 3166 914 3235 &aven
943 3168 997 3226 hoc
1026 3169 1141 3227 homine
1172 3170 1260 3227 videas
1284 3170 1345 3227 litet
1372 3177 1442 3243 Aeg.

411 3248 492 3311 tibus,
508 3246 583 3327 quod
597 3247 666 3304 bene
680 3261 768 3304 mutat
788 3248 817 3303 in
830 3263 914 3302 wan·
941 3249 1097 3321 Menogium
1111 3248 1143 3306 ad
1153 3250 1272 3321 Diogenis
1283 3250 1384 3305 Laterii
1395 3248 1443 3307 lib.

413 3326 484 3398 ribus
499 3325 589 3383 noster
601 3323 769 3382 Gulielmius.
807 3327 913 3380 Verum
943 3328 981 3383 ll.
996 3326 1023 3398 §.
1040 3328 1090 3396 46.
1125 3325 1207 3382 Idem.

414 3402 475 3460 Pall.
503 3400 677 3460 mnl'cntiunt
703 3420 769 3459 curn
791 3399 915 3476 vulgatis.
981 3404 1082 3459 dsunt
1098 3404 1165 3459 enim
1177 3398 1370 3478 explanatores]
1388 3400 1445 3457 Ali·

412 3483 584 3539 Geurrnus.
601 3478 731 3541 lb.Paris.
744 3479 915 3534 vaticinanti·
944 3478 1444 3557 quiddcesseviditacutiffimusiam·

413 3557 672 3624 bur&cinantibus.
693 3558 767 3614 Cum
777 3552 916 3613 Gulielmie
944 3558 1037 3615 binus:
1055 3568 1220 3636 quapropter
1240 3555 1442 3612 rescribendum

413 3649 508 3694 tamen
521 3635 592 3694 haud
608 3634 736 3693 fecerim:
754 3632 798 3690 sed
812 3650 854 3688 eas
866 3650 915 3688 vo·
944 3636 1072 3712 conjecit,
1083 3638 1147 3711 suin
1160 3636 1230 3690 enim
1239 3633 1333 3689 harum
1350 3651 1444 3690 rerum

415 3731 459 3771 ees
471 3714 565 3789 potius
578 3731 612 3770 ex
627 3713 718 3790 priore
736 3725 809 3770 natas
836 3709 914 3767 statu-
946 3713 1133 3788 explanatores.
1177 3712 1214 3766 At
1238 3729 1303 3767 cum
1326 3713 1397 3788 Reg.
1415 3714 1444 3770 de

415 3791 495 3849 erim.
532 3795 647 3851 Davies.
946 3790 1059 3847 Cantnb.
1077 3789 1199 3853 habeant,
1218 3789 1283 3863 fiant
1309 3791 1377 3843 enim
1397 3807 1444 3845 ex·

451 3867 616 3945 4Liberque
638 3865 751 3944 senfibur
782 3866 815 3925 ab
849 3868 917 3923 omni
946 3868 1092 3944 plantatores
1102 3868 1276 3944 somniantem:
1297 3865 1385 3925 forsan
1393 3885 1445 3943 op-

417 3946 577 4023 impeditione
604 3941 761 4023 curarum]
793 3945 919 4002 Omnino
948 3947 1017 4003 time
1038 3944 1211 4020 rescripseris,
1223 3945 1288 4019 sunt
1309 3948 1377 4002 enim
1396 3964 1445 4000 ex·

417 4023 566 4103 legendum
580 4022 741 4103 liberqueess
750 4020 863 4098 senfibus
882 4042 919 4080 rc
945 4026 1093 4100 planatores
1107 4024 1224 4078 omnium
1244 4020 1352 4087 horum3
1371 4020 1447 4077 som·
1509 4030 1511 4038 '

418 4103 488 4159 omni
506 4102 666 4176 impeditione
690 4119 828 4159 curarum.
876 4101 921 4158 Ne
949 4104 1059 4191 olorqm
1075 4099 1209 4166 videlicet,
1229 4099 1401 4157 oraculorum
1418 4102 1447 4162 δι

418 4178 496 4261 plura
508 4196 676 4249 memorem,
704 4178 781 4241 hanc
793 4177 926 4241 emenda„
951 4180 1186 4260 vaticinationum·
1221 4178 1304 4238 Idem.

953 4258 1015 4334 ‚Ha
1359 4255 1453 4328 tua.
