3784 5084
395 517 472 617 ἰιι
519 505 791 600 Hann1an1
827 502 1078 589 TURNaul
1105 474 1423 614 Commentarius

439 654 528 734 Quod
534 653 561 731 fi
574 657 743 727 concedatur]
770 657 855 714 Antea
870 655 980 732 negavit
993 655 1085 711 omnis
1099 668 1192 712 motus
1207 653 1296 712 causas
1313 656 1364 713 effe
1378 675 1427 714 an·

400 734 564 803 aecedentes,
588 734 660 791 unde
682 732 768 800 fatum
791 734 876 790 Stoici
895 731 1168 810 argumentabantur:
1193 750 1266 792 nunc
1283 730 1340 791 hoc
1360 752 1430 798 con,

405 811 484 877 cesso,
504 825 585 888 negat
601 825 692 866 tamen
711 810 784 889 sequi
803 808 891 868 fatum
910 808 973 866 effe.
1033 846 1035 852 ·

445 898 487 945 Ex
498 890 614 960 aeternis
630 889 716 959 cnuffis
734 889 813 964 apen]
842 891 884 944 Ex
898 887 1022 951 caesuin
1037 904 1130 947 rerum
1146 897 1248 951 natura,
1264 903 1332 966 quae
1344 899 1431 943 aeter·

409 986 445 1027 na
463 966 508 1029 cst,
533 964 625 1040 positis
640 964 768 1040 profesta.
812 961 886 1020 Nam
902 962 1060 1039 hujusmodi
1076 963 1166 1021 causae
1181 964 1208 1021 vi
1223 971 1268 1022 iua
1283 978 1359 1025 certe
1373 964 1432 1025 effi.-

412 1046 490 1101 ciunt
503 1042 576 1119 quod
591 1040 639 1097 sub
652 1042 691 1098 eis
705 1042 856 1117 subjedtum
872 1042 917 1105 cst,
940 1055 972 1098 ut
993 1041 1065 1119 ignis
1086 1040 1218 1103 accendit.

448 1121 543 1194 Caussa
558 1132 650 1173 nutem
665 1118 716 1192 est]
742 1124 817 1197 Qae
832 1119 980 1176 efficienter
994 1120 1034 1175 rei
1048 1119 1145 1196 cuique
1159 1116 1303 1177 antecedit
1340 1118 1436 1196 Itaque

413 1197 578 1273 adjumenta,
594 1198 799 1269 praecursiones,
826 1196 976 1262 materiam,
998 1194 1168 1263 ferramenta,
1192 1197 1247 1254 fine
1268 1192 1367 1274 quibus
1389 1196 1435 1258 alh

414 1273 481 1353 quid
497 1273 569 1329 effici
584 1273 685 1349 nequit,
709 1274 737 1330 in
755 1274 836 1331 causis
853 1272 898 1329 hic
916 1290 973 1329 non
989 1270 1122 1330 numerat.

454 1358 485 1406 In
499 1351 642 1423 campum]
664 1352 804 1416 Martium,
818 1348 866 1407 ubi
882 1348 1048 1424 sejurcntus
1064 1354 1189 1407 Romana
1202 1347 1353 1410 exercebat.
1390 1348 1438 1408 ‚Ci-

418 1446 483 1495 cero
497 1428 532 1482 de
545 1430 624 1494 Orat.
643 1422 707 1504 [11,
723 1431 788 1503 ⁶2.·]
812 1432 849 1483 Ut
869 1429 894 1483 in
908 1426 986 1483 illum
1000 1430 1109 1487 mnium,
1133 1430 1179 1505 qui
1193 1445 1253 1485 cum
1262 1421 1369 1501 dudiose
1381 1424 1438 1500 pila

419 1503 528 1564 luderet,
550 1501 585 1570 ό·
599 1505 667 1561 idem
679 1501 756 1579 figna
771 1506 851 1582 fincta
869 1505 943 1560 nodia
954 1503 1081 1581 frangere
1098 1516 1249 1579 putaretur,
1268 1502 1438 1580 gregalesque

420 1600 469 1647 cur
483 1584 510 1637 in
531 1594 655 1656 campum
668 1601 716 1639 non
731 1581 836 1659 veniffet
857 1583 1025 1659 reqtairerent,
1049 1582 1185 1658 excnfhvit
1206 1579 1279 1657 Vespa
1295 1584 1441 1642 Terentius,
1454 1623 1458 1631 .

420 1658 489 1737 quod
502 1677 561 1715 eum
576 1656 712 1716 brachium
718 1657 822 1736 fregiffe
837 1659 940 1716 diceret.
1431 1667 1433 1671 ’

428 1758 431 1765 ·
456 1734 547 1819 ,Quod
565 1734 770 1812 Alexandrum]
804 1738 874 1813 Qui,
897 1749 974 1812 rapta
991 1730 1101 1801 Helena,
1123 1734 1225 1811 'trojae
1247 1732 1348 1793 excidii
1362 1730 1441 1815 causa

455 1827 486 1870 rt.

422 1812 708 1969 fuclyiaemnejtram]
730 1895 806 1966 Qrae
819 1892 1057 1969 Agamemnonem
1072 1886 1365 1958 maritum'interfecit.

461 1975 503 2022 Ex
517 1964 563 2023 boc
575 1972 688 2042 genere]
719 1971 807 2026 Exeo
823 1987 922 2045 genere
935 1987 1030 2028 rerum
1044 1969 1099 2026 fine
1110 1967 1207 2047 quibus
1225 1966 1300 2028 effici
1320 1984 1377 2024 uon
1391 1982 1443 2043 pos

320 2107 329 2130 ι
423 2043 482 2106 test.
519 2047 608 2114 Locus
621 2045 659 2101 est
674 2064 708 2103 ex
725 2047 804 2102 Ennii
820 2046 924 2102 Medea.

461 2121 571 2193 Regredi
584 2119 700 2196 infinite]
724 2124 756 2178 ln
772 2122 909 2197 infinitum
924 2124 1047 2190 retroire.
1431 2151 1435 2158 .

463 2200 551 2264 Cae.
565 2201 644 2256 XVI.
667 2199 804 2276 Intereffe]
828 2202 916 2269 Etiam
932 2203 1025 2266 Stoici.
1047 2214 1078 2258 ut
1093 2198 1209 2278 proinde
1222 2216 1257 2265 ex
1270 2215 1370 2265 eorum
1385 2195 1444 2262 sea·

427 2277 512 2340 tentia
524 2276 622 2354 aliquid
636 2276 793 2348 antecedere
813 2278 901 2353 poffit‚
916 2279 989 2354 quod
1009 2278 1084 2336 causa
1104 2297 1159 2336 non
1174 2278 1215 2341 iit.
1266 2321 1269 2327 .

465 2357 611 2427 Serpentis]
640 2355 692 2411 Alii
707 2374 722 2410 a
737 2354 858 2431 serpente
877 2355 1026 2430 ulceratum
1042 2353 1221 2414 Philodetem
1238 2351 1375 2416 scribunt:
1401 2350 1446 2409 alii

429 2429 552 2491 cecidiss'e
567 2431 594 2487 in
608 2432 666 2506 ejus
684 2432 780 2507 pedem
799 2433 922 2510 sagittam
937 2432 1036 2508 hydrae
1051 2451 1148 2489 cruore
1163 2430 1308 2490 imbutam.

466 2506 520 2580 Post
537 2512 649 2583 autem]
684 2509 855 2588 Posteaquam
881 2508 1018 2577 Lemnum
1043 2512 1116 2583 venit
1138 2508 1365 2585 in'expeditione
1386 2504 1449 2565 beili

430 2584 554 2651 ilfro'ani.
991 2632 992 2637 ι
1424 2584 1428 2590 ’

468 2604 547 2718 Rittio
568 2663 678 2744 igitur]
715 2664 822 2750 Scimus
842 2664 935 2730 enim,
965 2683 1014 2726 cur
1037 2664 1066 2730 in
1089 2666 1196 2729 Lemno
1214 2658 1336 2727 relictus,
1363 2661 1395 2719 fit
1413 2678 1451 2727 ex¹

429 2754 539 2800 eventu.

431 2796 441 2827 ι’
472 2804 570 2893 Neieffe
587 2816 619 2893 est
635 2820 716 2892 enirn]
745 2821 778 2878 In
792 2816 1234 2892 contradissioncdisjundiionum
1249 2814 1385 2879 necessitas
1399 2814 1448 2898 est:¹

434 2894 550 2972 proinde
560 2900 624 2969 'pars
635 2894 714 2965 altera
727 2914 796 2968 vera,
811 2896 891 2953 altera
907 2894 969 2952 falsa
986 2895 1032 2952 est.
1073 2898 1109 2960 Ea
1129 2896 1197 2959 ratio
1216 2907 1272 2963 erat
1286 2892 1412 2956 Diodoti.
1433 2948 1436 2954 ,
1486 2922 1488 2926 >

439 2999 441 3002 ·
471 2972 623 3050 Aiequs‘d]
647 2973 782 3046 Affirmat.
1224 2974 1226 2978 ¹

472 3048 547 3108 Tales
568 3050 774 3123 enuntiationes]
805 3054 880 3125 Qrae
899 3050 933 3106 de
953 3047 1047 3116 futuro
1066 3048 1163 3126 aliquid
1181 3048 1277 3111 dicunt
1298 3047 1371 3125 quod
1392 3047 1451 3106 fieri

435 3127 526 3207 poffit,
547 3142 662 3200 autnon
677 3127 765 3203 possit,
782 3141 814 3185 ut
829 3127 993 3200 Sauciabitur
1008 3127 1178 3209 Philodtetcs.
1216 3126 1290 3183 Nam
1305 3144 1371 3182 cum
1386 3126 1453 3200 Epi-

436 3211 520 3262 curus
531 3223 644 3262 omnem
656 3206 875 3263 enunciationem
889 3224 981 3263 veram
994 3203 1141 3263 aut'blsam
1155 3202 1206 3260 effe
1219 3201 1341 3281 negabat,
1356 3202 1386 3259 id
1401 3220 1452 3278 po-

435 3280 570 3342 tiffimum
588 3282 623 3345 de
638 3282 680 3339 his
693 3281 864 3359 intelligebat.
1015 3314 1018 3319 ·
1162 3285 1165 3291 ’
1269 3294 1272 3299 “

440 3364 443 3371 “
477 3361 520 3425 aa·
534 3358 689 3437 contrariis]
711 3360 885 3433 Sauciabitur,
898 3372 953 3425 aut,
969 3360 1037 3425 Non
1049 3357 1206 3421 fiueiabitur
1222 3356 1394 3421 Philoctetes,
1408 3374 1455 3412 ve·

437 3441 503 3495 rum
507 3434 656 3573 ἕξεως
678 3455 729 3509 uec
742 3450 834 3517 tamen
848 3436 1022 3503 Sauciabitur,
1042 3456 1154 3516 uerutus
1175 3438 1227 3497 nee
1242 3437 1310 3497 Non
1323 3432 1456 3496 sauciaba-

436 3527 493 3591 tur,
554 3532 612 3572 um.

477 3600 509 3649 In
526 3590 681 3671 eloquendo]
707 3592 740 3649 ln
754 3591 933 3662 enuncianda.

479 3676 535 3737 Nee
547 3689 652 3741 verum,
675 3689 719 3742 nec
731 3660 853 3749 salsam]
882 3671 915 3739 ln
935 3670 1088 3745 Epicureosv
1100 3682 1313 3754 argumentatur,
1337 3667 1385 3745 qui
1408 3664 1457 3724 ista

441 3748 582 3827 enunciata
595 3744 646 3804 nec
659 3766 728 3812 vera,
744 3767 794 3804 nec
809 3744 870 3803 falsa
882 3747 1014 3804 dicebant.
1050 3749 1123 3805 Nam
1140 3749 1212 3827 quod
1228 3764 1278 3804 nec
1292 3763 1389 3803 verum
1404 3761 1456 3804 nee

443 3822 538 3880 falsum
552 3824 599 3889 est,
618 3844 712 3881 verum
728 3824 847 3883 nonest:
878 3824 951 3903 quod
973 3844 1068 3888 verum
1082 3844 1139 3889 non
1155 3826 1201 3890 esi,
1218 3825 1244 3881 id
1262 3821 1358 3881 falsum
1372 3822 1418 3879 est.

481 3899 643 3977 Tenebitur]
676 3905 741 3958 Non
761 3902 928 3986 negabimus,
951 3916 983 3959 ut
1006 3904 1140 3977 Epicurei,
1163 3902 1206 3959 scd
1221 3902 1399 3966 defendemus
1420 3916 1456 3954 ex

443 3977 560 4034 Diodori
577 3977 713 4053 sententia,
735 3998 848 4055 omnem
870 3980 1088 4054 enunciationem
1105 3999 1195 4036 veram
1213 3994 1259 4036 aut
1282 3978 1371 4037 falsam
1392 3976 1456 4033 effic:

443 4072 494 4142 nec
513 4072 548 4112 ex
564 4075 598 4114 eo
612 4071 703 4115 tamen
722 4056 795 4136 sequi
815 4058 903 4129 saturn
917 4058 977 4130 effe,
1000 4060 1123 4135 quamvis
1138 4076 1199 4123 vcra
1219 4057 1271 4119 sint
1287 4074 1321 4129 ex
1341 4056 1458 4117 aeterni-

467 4138 473 4148 “
643 4139 645 4143 ’
762 4159 764 4167 ·
1195 4134 1199 4140 ’
1391 4142 1456 4189 tate.
