3784 5084
401 632 457 691 20
663 599 1221 683 DEDIVINATION

477 775 568 834 tore
591 759 741 861 reperit,
784 777 867 832 rem
899 757 1019 857 ipsam
1045 601 1300 832 inventoria
1324 748 1493 860 somnio)

478 870 648 958 'vide03
696 868 805 968 quod
842 866 929 941 satis
964 868 1036 943 est:
1086 890 1153 942 cur
1182 858 1311 969 polilt,
1352 866 1493 945 neseio.

470 978 534 1056 Sic
560 1000 766 1057 ventorum
791 981 828 1053 ἃ
852 980 1036 1055 imbrium
1059 973 1174 1077 figm,
1203 1000 1301 1076 quae
1322 976 1412 1060 dixi,
1441 999 1497 1053 ra·

468 1094 621 1169 tionem
644 1113 760 1191 quam
783 1088 959 1181 habeant,
974 1114 1056 1166 non
1073 1090 1161 1165 ‘satis
1183 1089 1385 1190 perspicio:
1415 1091 1497 1166 vim

469 1195 713 1281 &eventum
736 1198 915 1302 agnosco.
944 1203 1036 1292 scio,
1056 1201 1239 1301 adprobo.
1297 1199 1496 1293 Similiter,

475 1316 600 1414 2quid
617 1313 738 1391 fissum
755 1315 796 1388 in
817 1314 922 1394 extis,
942 1314 1034 1413 quid
1057 1309 1150 1387 fibra
1169 1314 1304 1399 valeat,
1326 1313 1495 1413 accipio;

363 1509 365 1515 ,
469 1448 567 1528 quae
590 1427 696 1503 causa
720 1419 778 1513 stt,
807 1421 949 1501 nescio.
1007 1423 1139 1522 Atque
1169 1421 1310 1498 horum
1334 1422 1495 1521 quidem

469 1540 583 1643 plena
604 1538 680 1615 vita
700 1535 774 1614 est:
797 1539 811 1588 ³
831 1538 925 1613 extis
950 1538 1054 1615 enim
1079 1555 1216 1611 omnes
1238 1534 1317 1611 sere
1337 1536 1494 1611 utimur.

1363 1645 1495 1746 Quid?

470 1753 963 1834 eero,Aristolochiam,nomen‚quod
997 1753 1081 1812 dubio
1105 1753 1206 1811 samam
1233 1748 1352 1828 sequitur
1374 1750 1495 1819 Tulliuss

470 1835 503 1891 ad
520 1849 611 1907 partus
625 1834 656 1889 sit
671 1834 808 1891 utilissima
821 1852 902 1915 atque
915 1851 967 1906 op·
999 1851 1061 1889 nam
1075 1832 1214 1890 manifeste
1227 1829 1325 1890 statuit,
1337 1829 1411 1907 quod
1426 1829 1496 1887 vidit

444 1906 550 1973 ¹tima;
588 1911 760 1966 inventorem
782 1930 842 1969 rem
865 1910 967 1987 ipsam,
998 1912 1079 1967 etiam
1102 1908 1235 1966 Turnebus
1263 1905 1374 1964 Advers
1399 1926 1426 1971 v,
1449 1924 1497 1966 20.

468 1986 560 2050 idest,
578 1986 688 2042 herbam
702 1988 798 2060 &ejus
815 1991 872 2047 vim
887 2003 967 2063 atque
1001 1986 1205 2046 Aristolochiam
1247 1983 1281 2040 ab
1324 1982 1497 2041 Aristolocho

469 2062 551 2122 ufilm
575 2062 699 2138 reperisse
713 2082 745 2120 ex
765 2064 882 2124 somnio.
916 2064 967 2119 Di·
997 2065 1115 2141 quodam
1142 2064 1328 2124 nominatam,
1352 2062 1401 2139 qui
1425 2060 1495 2118 hane

470 2141 515 2216 dia
526 2155 618 2197 autem
633 2140 670 2196 est
685 2142 862 2201 Aristolochia
877 2160 911 2200 ert
923 2160 966 2205 eo,
999 2141 1110 2199 herbam
1123 2142 1156 2199 ad
1170 2140 1325 2217 serpentum
1338 2137 1412 2215 posse
1420 2156 1497 2196 mor-

469 2218 544 2296 quod
560 2218 591 2275 stt
601 2211 669 2291 derbe
682 2216 803 2289 sannen,
820 2222 847 2277 id
860 2221 905 2286 est,
918 2236 968 2293 op·
1001 2218 1042 2276 sus
1054 2238 1087 2276 ex
1101 2218 1208 2276 somnio
1221 2216 1326 2275 didicit.
1347 2216 1413 2293 Ejus
1427 2214 1497 2281 sane,

469 2296 539 2352 tima
554 2295 688 2371 partubus.
722 2297 773 2353 Sed
789 2298 823 2355 de
839 2295 969 2355 hocloco
999 2312 1125 2375 tanquam
1143 2299 1195 2359 suis
1209 2288 1318 2366 λοχείαις
1334 2284 1416 2359 doru
1436 2300 1496 2358 der·

470 2371 546 2449 plura
568 2374 596 2429 in
621 2374 833 2433 Commentariis
851 2376 883 2431 ad
905 2380 968 2429 Cor·
998 2369 1084 2436 bisons,
1105 2376 1220 2438 mentio,
1239 2374 1400 2448 supervacua
1416 2390 1497 2447 pror·

381 2450 422 2458 “’
470 2450 569 2523 redium
586 2458 719 2525 Nepotem.
759 2452 914 2510 Lambinus.
1001 2451 1042 2509 sus
1060 2451 1181 2511 hicelser
1199 2455 1226 2511 δι
1241 2452 1410 2526 importuna.
1445 2448 1497 2505 Hi-

510 2528 579 2585 ibid.
601 2527 690 2605 Qun
713 2548 803 2587 nomen
825 2548 859 2587 ex
874 2532 967 2587 insen·
999 2531 1102 2590 floriac,
1121 2528 1219 2593 fateor,
1234 2528 1266 2585 ad
1281 2545 1364 2605 quam
1380 2523 1497 2602 respexit

469 2616 531 2661 tore
545 2610 647 2679 reperit,
671 2625 728 2661 rem
748 2609 827 2683 ipsam
848 2611 968 2664 inventor
998 2610 1093 2672 Cicero,
1110 2606 1181 2664 nulla
1193 2607 1251 2682 jam
1267 2604 1407 2680 supersunt
1419 2602 1497 2660 vesti·

380 2731 383 2734 .
470 2700 505 2737 ere
526 2678 646 2757 [omnio]
677 2687 782 2739 Locum
809 2684 903 2739 mendi
924 2682 966 2740 su·
990 2688 1056 2760 rgias
1100 2703 1151 2741 nec
1188 2684 1308 2747 mirum,
1343 2698 1408 2739 cum
1438 2695 1496 2738 tam

290 2754 303 2763 ‘
470 2757 593 2832 spedium
613 2756 967 2815 habuitrnrntori'usvn.
1001 2760 1102 2817 multos
1118 2762 1251 2819 Austores
1268 2759 1345 2817 nobis
1368 2756 1498 2815 inviderit

472 2835 548 2893 Leo.
567 2832 613 2890 lib.
630 2855 668 2891 vr.
690 2854 750 2909 cap.
773 2855 798 2911 3.
837 2838 873 2892 At
893 2834 965 2892 suam
999 2839 1065 2893 edax
1081 2840 1202 2896 vetustas.
1240 2839 1276 2896 At
1296 2856 1360 2893 vero
1374 2833 1496 2909 Aristolo-

470 2912 656 2986 coojedturam
672 2910 757 2987 usque
776 2912 843 2970 adeo
864 2930 967 2969 certam
999 2914 1061 2970 chus
1085 2934 1188 2973 nomen
1209 2916 1247 2972 est
1274 2918 1409 2971 Graecum
1417 2935 1425 2978 i
1461 2912 1497 2970 fic

470 2990 575 3064 putarit
589 2997 624 3045 D.
641 2989 793 3058 Lambinus,
812 3007 851 3054 ur,
868 2991 887 3047 fi
903 2988 968 3047 fides
999 2993 1073 3067 enim
1095 3012 1120 3050 e.
1143 3012 1171 3069 g.
1195 2992 1339 3049 vocabatur
1365 2980 1497 3052 serissime

469 3067 496 3122 ei
513 3066 544 3123 fit
565 3063 694 3129 habenda,
717 3066 785 3123 hanc
806 3066 849 3143 effe
871 3087 967 3123 veram
999 3071 1109 3146 quidam
1125 3071 1240 3147 Olymp.
1257 3071 1332 3126 CIX.
1369 3070 1498 3125 iuventae

470 3142 506 3210 όν
527 3161 686 3215 germanam
705 3147 865 3219 scripturam
894 3165 967 3201 nemo
999 3148 1110 3221 quidem
1118 3146 1311 3204 Aristolochiae
1326 3144 1441 3222 gloriam
1458 3142 1498 3202 fe·

468 3217 518 3292 nist
534 3220 581 3275 vel
595 3220 783 3295 improbifflmus
807 3222 854 3277 vel
871 3224 965 3297 tardis·
1000 3226 1088 3280 minae
1112 3224 1207 3281 tribuit
1227 3225 1354 3281 Nicandri
1377 3222 1498 3280 Scholia·

462 3295 592 3373 fimusfit
606 3314 759 3370 negaturus.
796 3298 884 3355 Verba
904 3298 965 3356 sunt
999 3302 1047 3356 stes
1070 3302 1103 3358 ad
1122 3301 1248 3358 Tlreriac.
1267 3299 1305 3357 vs.
1330 3320 1398 3374 511.
1423 3299 1496 3357 illam

470 3373 592 3431 hominis
613 3376 645 3431 ad
669 3383 746 3433 Corn.
761 3384 884 3450 Nepotem
906 3395 967 3453 pag.
999 3394 1089 3435 tamen
1103 3376 1298 3453 Aristolochiam
1315 3393 1437 3435 vocatam
1454 3376 1499 3456 sp·

470 3470 539 3527 253.
562 3454 602 3509 ita
624 3471 675 3527 pro
690 3452 746 3509 lana
759 3455 875 3527 caprina,
895 3455 967 3531 qnasi
1001 3455 1045 3511 isse
1063 3476 1118 3513 non
1135 3457 1225 3514 tradit.
1252 3456 1316 3531 Ejus
1332 3454 1495 3530 opinionem

469 3546 522 3605 pro
542 3531 593 3587 aris
617 3534 644 3589 &
666 3529 734 3587 focis
741 3566 750 3593 ‚
776 3530 967 3590 contenditur!
1001 3534 1172 3593 verisimilem
1194 3533 1284 3590 reddit
1300 3533 1396 3589 herbae
1410 3533 1498 3589 virtus

470 3606 522 3663 Sed
539 3607 592 3665 hoc
608 3606 780 3670 misso,num
799 3608 912 3683 scopum
929 3625 968 3665 te·
1000 3610 1085 3671 insita,
1112 3613 1131 3669 li
1147 3609 1232 3667 modo
1247 3609 1392 3687 vulgatam,
1421 3608 1496 3687 quod

349 3756 351 3760 ἁ
469 3684 565 3760 tigerit
590 3686 630 3742 vir
657 3685 791 3749 eruditus,
818 3688 967 3743 videamus.
998 3685 1340 3765 arbitror-,lltymologiam
1357 3688 1499 3744 inanimo

471 3761 677 3818 Emendationis
699 3761 799 3819 fundus
819 3764 865 3829 est,
892 3763 966 3841 quod
1000 3762 1107 3832 habuit,¹
1141 3764 1267 3823 sedtum
1291 3764 1405 3822 demum
1428 3761 1498 3822 nihil

469 3838 687 3904 Aristolochiam,
704 3842 774 3916 quasi
790 3844 843 3902 ταῖς
855 3836 968 3908 λοχείαις
998 3841 1030 3897 ad
1043 3847 1188 3900 Ciceronem
1209 3842 1281 3899 facit.
1319 3846 1432 3899 Daoies.

466 3909 558 3987 eips‘snn
578 3915 680 3972 dietam
694 3918 799 3975 tradant
812 3937 869 3975 non
881 3920 967 3976 modo
1037 3938 1046 3974 r
1068 3922 1155 3981 Videas
1183 3922 1252 3998 quod
1260 3921 1325 3994 fietis
1342 3919 1387 3993 esi]
1411 3922 1497 3992 Aper·

468 3991 566 4047 Plinius
592 3992 639 4049 lib.
656 4011 719 4049 xxv.
746 3995 772 4069 §.
795 4014 842 4070 54.
869 3995 912 4053 sed
938 4001 965 4054 ὅ(
1000 4011 1043 4052 tus
1057 3998 1095 4054 est
1117 3995 1213 4061 sensus,
1233 3999 1253 4056 li
1274 3995 1359 4052 modo
1379 3995 1497 4053 Codices

467 4070 619 4143 Dioscorides
637 4068 682 4126 lib.
703 4072 755 4128 III.
780 4090 839 4145 cap.
858 4092 888 4146 4.
924 4074 966 4130 De
997 4074 1160 4132 addicerent.
1197 4076 1247 4132 Sed
1268 4092 1333 4131 eum
1353 4075 1497 4137 Wriorioni,

466 4145 622 4203 veriverbiis
650 4161 740 4204 autem
771 4148 842 4205 inter
870 4170 967 4208 omnes
998 4153 1151 4208 Gruterioni
1163 4152 1299 4229 nostrique
1316 4152 1405 4207 Mssti
1422 4148 1497 4207 sum·

466 4241 528 4284 raro
546 4225 691 4293 contenit,
715 4224 847 4305 aliamque
870 4228 967 4306 procul
998 4248 1046 4289 mo
1070 4227 1200 4290 constnsu
1226 4227 1310 4293 dent,
1336 4228 1398 4305 poffs
1418 4227 1497 4361 vids}

1425 4322 1461 4381 qdd
