3784 5084
691 517 941 601 nrm
997 519 1120 610 1‚21,
1425 530 1483 641 '42

444 676 556 786 'Qia
573 692 686 755 mater
703 669 864 782 grauida
874 690 1001 779 parere
1012 668 1250 781 scandentem
1263 674 1387 783 finem

446 800 533 907 Vrsa
550 794 599 903 est
617 795 657 872 in
670 793 803 901 somnis
818 771 981 897 Heouba:
1010 820 1072 902 qno
1084 790 1188 897 stallo
1200 816 1306 905 patet
1383 781 1385 785 ¹

445 936 524 1003 Rex
543 919 614 1031 ipse
632 918 799 1001 Priamus.
826 914 962 1024 somnio
979 932 992 981 ⁵
1010 918 1134 993 mentis
1155 942 1251 998 metu

447 1040 638 1149 Percnlstos,
668 1049 691 1096 ⁴
705 1040 793 1117 curis
803 1037 964 1149 sumptus
978 1036 1239 1148 suspirantibus

446 1159 729 1273 Exsac'nficabat
752 1155 866 1262 hostiis
888 1157 1097 1240 balantibus.

454 1296 473 1344 Ι
479 1294 565 1363 Teon
586 1289 803 1397 conjelioeent
821 1281 982 1392 postolat,
1002 1304 1126 1393 pacem
1136 1305 1268 1396 petens,

455 1406 539 1488 ‘Ut
549 1404 596 1517 fi’
615 1406 764 1485 edoceret
789 1402 965 1513 obsecrans
984 1404 1184 1517 Apollinem,

453 1533 542 1638 ,Quo
556 1525 639 1639 sese
658 1548 807 1609 vertant
829 1548 954 1607 tantae
967 1527 1082 1637 sortes
1100 1525 1288 1635 somnitlm.

452 1652 514 1735 lbi·
529 1667 543 1707 ⁷
559 1676 605 1729 ex
623 1649 733 1730 otaclo
753 1677 836 1728 voce
855 1651 982 1728 divina
1002 1648 1110 1728 edidit

452 1772 571 1885 Apollo
582 1804 596 1866 3
628 1796 784 1885 puerum,
802 1776 933 1883 prinas
955 1774 1091 1852 Priamo
1114 1775 1174 1885 qni
1189 1772 1292 1883 fatet

1326 1892 1419 2004 ,pp

435 2057 457 2116 4
470 2039 549 2096 Curis
563 2037 679 2114 strmptis
690 2035 896 2117 [respirantibus]
924 2035 1205 2097 diemdixeruntidem
1220 2039 1340 2099 Pseudol.
1351 2043 1420 2101 Au.

399 2126 526 2193 Sumptus
540 2117 577 2173 est
592 2116 622 2174 in
637 2115 830 2189 manuscripto,
843 2115 897 2173 hoc
927 2119 962 2172 V.
979 2118 1021 2171 Sc.
1033 2118 1054 2175 1,
1070 2134 1115 2191 23.
1128 2121 1294 2175 &Terentius
1303 2119 1419 2195 Adelph.

399 2197 448 2257 est,
464 2205 617 2269 corruptus,
640 2190 691 2256 vel,
711 2192 784 2271 quod
802 2192 898 2250 melius
929 2193 988 2249 Αᾶ.
1004 2196 1039 2249 V.
1056 2196 1099 2249 Sc·
1121 2197 1171 2260 III,
1187 2196 1233 2251 68.
1254 2214 1284 2251 ac
1308 2197 1425 2256 Phorm.

400 2286 488 2348 puto,
510 2271 705 2345 consumptum
734 2284 767 2327 ut
785 2269 897 2347 simplex
927 2270 986 2326 A&
1005 2273 1039 2324 V.
1056 2272 1099 2327 Sc.
1113 2275 1148 2335 V,
1161 2290 1189 2343 4.
1228 2277 1339 2330 Davies.

399 2351 434 2409 fit
452 2367 505 2423 pro
520 2348 681 2421 composito.
718 2345 831 2423 Urfinus.
966 2353 1067 2419 5Tum
1082 2348 1267 2423 conjedlorem
1287 2350 1421 2431 postulat]

438 2424 508 2483 Ibid.
521 2429 598 2482 Cutis
616 2424 739 2501 sumptus
744 2425 894 2502 suspiranti-
927 2422 988 2479 Pall.
1001 2441 1098 2480 omnes
1118 2430 1145 2483 δι
1166 2428 1193 2480 S.
1210 2427 1309 2480 Velleris
1328 2445 1423 2484 exem·

402 2502 477 2583 bus]
510 2502 645 2561 Edebutur
670 2516 746 2559 antee
769 2502 897 2578 stampais3
927 2497 991 2573 plat,
1004 2514 1035 2556 ut
1048 2499 1423 2563 observatGrnterns,htbent

403 2579 449 2637 sed
486 2582 590 2637 mutavi
625 2579 731 2637 secutus
765 2577 899 2635 Gulielmii
927 2576 1107 2655 conjeliuram,
1123 2578 1196 2655 quod
1206 2576 1420 2655 Gulielmiopro·
1527 2606 1530 2614 ³

402 2672 539 2719 mentem.
561 2656 707 2717 &librum
724 2656 814 2713 Fnlve'e'
831 2650 899 2730 Uest·
928 2652 1005 2710 batur
1038 2670 1090 2729 pro
1126 2656 1284 2731 conjeilrici
1318 2658 1423 2735 Sibylla.

403 2738 439 2799 ni,
468 2736 540 2792 item
562 2736 638 2791 MSS.
660 2733 711 2791 Pal.
734 2752 776 2810 pr.
796 2736 899 2791 tem&
929 2730 1049 2787 Eandem
1065 2731 1209 2789 lestionem
1227 2732 1330 2792 servmt
1344 2734 1425 2796 Paris.

403 2811 506 2869 librum
520 2815 546 2869 S.
561 2813 671 2875 noteris,
689 2813 716 2867 in
731 2810 827 2889 quibus
839 2808 900 2866 hoe·
929 2805 1028 2884 Bolliol.
1051 2808 1125 2866 Med.
1155 2810 1301 2888 reliquique
1327 2815 1424 2882 nostri:

403 2888 481 2948 rebnt
507 2888 631 2947 alterum.
668 2896 808 2961 Sumptus,
835 2905 900 2943 con·
930 2882 973 2942 sed
990 2904 1048 2942 mm
1070 2887 1179 2961 prorsus
1204 2887 1340 2947 inficetam
1355 2905 1429 2948 'cen-

405 2963 542 3041 sumptus‚
561 2965 772 3043 maceratusque.
809 2971 901 3019 Teren-
932 2960 986 3018 seo.
1024 2964 1104 3019 Idem.
1483 3018 1487 3030 ⁴

404 3046 476 3099 tius:
505 3050 581 3098 Cura
599 3041 731 3105 sumitur,
758 3049 832 3097 Dum
855 3040 902 3095 tibi
969 3040 988 3092 6
1010 3042 1048 3095 Ut
1059 3042 1088 3113 so
1103 3040 1235 3114 edoceret]
1267 3041 1364 3100 Forsan
1381 3042 1429 3111 όή

400 3118 439 3194 fit
453 3122 523 3197 quod
537 3119 648 3195 placeat.
684 3121 901 3176 Gnurnnus.
923 3116 1073 3189 sedarent,
1091 3115 1217 3192 obsecrans
1231 3123 1282 3176 dre.
1301 3120 1336 3177 sic
1350 3124 1426 3179 enim

409 3198 481 3255 lbid.
497 3197 711 3272 Sumptusetiam
723 3197 761 3252 est
770 3198 797 3252 in
806 3194 902 3252 Balliol.
934 3192 1013 3247 Paris.
1030 3192 1127 3249 Balliol.
1142 3194 1215 3251 Med.
1233 3198 1351 3254 Merton.
1368 3198 1426 3255 alii·

408 3273 602 3352 Reg.Canttb·
621 3277 648 3332 &
665 3278 736 3329 Ven.
758 3291 839 3345 ¹47¹·
862 3273 902 3327 Ac
932 3287 985 3344 que
993 3269 1116 3331 Codices,
1130 3291 1186 3328 non
1202 3274 1319 3330 edoceret.
1339 3275 1427 3333 Idem.

409 3349 478 3409 bene
485 3353 607 3432 quidem.
626 3352 715 3407 Locus
729 3369 805 3413 vero,
819 3366 903 3425 quem
973 3364 989 3416 7
1008 3356 1050 3403 En
1069 3348 1152 3413 oraclo
1174 3368 1240 3406 uoce
1262 3351 1352 3408 divina
1376 3355 1429 3409 eli·

409 3447 554 3505 perperam
564 3426 651 3485 laudat
659 3434 802 3491 Gruterus,
821 3425 904 3483 exllat
933 3425 986 3493 dit]
1011 3426 1169 3500 [tegendum
1189 3427 1303 3492 videtur,
1323 3449 1357 3485 ex
1370 3447 1430 3485 ora·

410 3506 524 3563 Phorm.
537 3506 598 3564 Aet.
611 3506 648 3562 ΙΙ.
662 3507 704 3561 Sc.
717 3507 753 3568 ΙΙ,
770 3506 816 3561 26.
832 3507 859 3559 &
871 3502 903 3558 ad
933 3503 972 3560 olo
986 3520 1083 3559 vocem
1095 3504 1215 3559 divinam
1232 3506 1317 3566 edidit.
1332 3524 1428 3583 quem·

410 3602 470 3640 rem
484 3582 680 3639 nihilomnino
694 3579 767 3638 faciti
792 3577 904 3636 Plautus
934 3581 1083 3636 admodum
1122 3580 1219 3638 diserte
1254 3581 1431 3657 repraesentat

934 3656 1382 3807 {irminnotnn
1398 3663 1430 3793 i·

411 3815 514 3871 inimico
532 3812 561 3887 fi
584 3814 648 3891 quil
665 3813 767 3877 sumas,
785 3814 906 3886 sumptus
935 3812 1001 3874 XII,
1026 3830 1052 3882 5.
1088 3811 1169 3887 Quod
1197 3828 1287 3870 autem
1314 3814 1433 3889 Apollini

413 3891 461 3965 m.-
489 3896 521 3946 ln
537 3890 597 3948 bono
611 3888 702 3967 bospite
720 3904 801 3966 atque
816 3891 907 3949 amico,
936 3886 1032 3945 tribuit
1053 3892 1143 3947 Po'e'ta.
1161 3888 1248 3945 idalii
1266 3889 1434 3952 Aesaco‚alii

413 3967 535 4045 quaestus
558 3968 591 4041 est
618 3968 688 4045 qnod
711 3965 840 4023 sumitur:
874 3972 909 4019 Et
941 3965 1112 4039 Herophilae‚
1138 3964 1181 4021 alii
1196 3964 1312 4043 deniquo
1332 3968 1435 4042 aruspi-

413 4048 484 4121 quod
493 4048 519 4100 in
535 4046 629 4102 divinis
644 4043 720 4101 rebus
737 4044 831 4107 sumas,
840 4045 909 4119 fitpi·
939 4041 1015 4099 cibus
1028 4040 1190 4099 adscribunt.
1217 4045 1287 4101 Vide
1303 4045 1334 4102 sis
1349 4048 1438 4103 luter·

415 4126 469 4180 oneo·
487 4122 560 4181 luere
573 4122 614 4199 est.
641 4125 703 4185 Hoc
721 4118 796 4185 sensu
807 4121 911 4197 bomem
940 4132 1029 4202 preter
1043 4120 1075 4199 ad
1090 4121 1181 4214 Ditlpn
1198 4122 1249 4189 ΙΙΙ,
1268 4124 1314 4181 26.
1352 4122 1434 4177 [lom.
1546 4118 1552 4129 '

1345 4195 1445 4271 oron
