3784 5084
625 551 872 637 errrn
946 555 1094 653 ll,11,
1130 567 1190 637 iz.
1427 559 1504 654 159

400 739 483 801 nou
510 717 678 803 eventis3
708 713 766 791 his
787 713 1017 819 praesertim,
1039 719 1176 818 quibus
1199 706 1296 794 mihi
1320 720 1432 797 liceat
1526 779 1530 788 .

399 856 486 910 non
505 829 670 909 credere.
727 821 789 903 Ut
811 827 939 904 ordiar
964 830 1011 901 ab
1037 826 1284 932 haruspicina.
1313 854 1430 931 quam
1450 849 1500 934 η

402 966 477 1047 ego
503 940 732 1043 reipublicae
760 937 867 1016 causa
906 941 1202 1041 communisque
1235 944 1434 1056 religionis¹

403 1054 611 1133 colendam
636 1050 786 1129 censeo.
854 1048 930 1126 Sed
955 1048 1025 1124 soli
1051 1057 1200 1129 lunius:
1252 1056 1342 1131 licet
1373 1076 1437 1130 ve-

403 1186 492 1245 rum
515 1166 712 1263 exquirere
737 1156 814 1238 stne
840 1160 995 1249 invidia,
1025 1160 1124 1238 mihi
1147 1165 1366 1264 praesertim
1387 1165 1439 1242 de

403 1276 594 1381 plerisque
629 1273 834 1351 dubitanti.
903 1272 1200 1371 *Inspiciamun
1240 1272 1266 1351 fi
1301 1280 1439 1378 placet,

404 1407 493 1467 exta
526 1390 711 1489 primum.
766 1384 982 1462 Persuaderi
1015 1384 1131 1483 igitur
1164 1387 1345 1486 cuiquam
1370 1411 1440 1491 po*

407 1498 491 1591 test,
522 1522 566 1574 ea
589 1519 686 1598 quae
708 1490 903 1598 fignifieari
928 1495 1109 1588 dicuntur
1133 1500 1239 1590 extis,
1275 1500 1441 1602 5cogni*

408 1630 450 1688 ta
491 1610 564 1686 effe
622 1608 877 1709 haruspicibus
925 1606 1192 1684 observatione
1235 1610 1468 1688 diuturnas

409 1727 540 1829 Quam
564 1721 742 1797 diuturna
765 1718 829 1796 ista
851 1715 950 1794 fuit?
989 1736 1053 1796 aut
1074 1740 1194 1817 quam
1223 1724 1443 1823 longinquo

410 1854 588 1935 tempore
606 1829 797 1908 observari
826 1831 969 1935 potuit,
1003 1822 1102 1907 ‘aut
1125 1854 1207 1932 quo
1239 1831 1364 1909 modo
1391 1831 1445 1911 est

411 1946 566 2023 conlata
590 1943 690 2019 inter
715 1943 827 2044 ipsos,
870 1944 999 2044 ⁷quae
1025 1963 1108 2044 pars
1136 1944 1311 2035 inimici,
1345 1966 1445 2043 quae

413 2078 498 2158 pars
521 2052 716 2131 familiaris
749 2054 860 2130 esset:
904 2053 1013 2151 quod
1037 2052 1179 2154 fillum
1203 2058 1444 2156 periculuma

414 2166 547 2267 quod.
587 2167 846 2243 commodum
889 2164 1048 2263 aliquod
1084 2165 1321 2243 ostenderet?
1374 2165 1445 2245 An

415 2277 512 2356 haec
538 2279 638 2355 inter
654 2280 691 2352 se
710 2274 920 2378 haruspices
942 2276 1104 2368 Etrusci,
1133 2275 1220 2369 Elii,
1247 2276 1448 2378 Aegyptii,
1512 2306 1513 2310 ¹

416 2389 542 2466 Poeni
563 2390 841 2466 contulerunt?
878 2384 936 2462 At
968 2389 1020 2477 id,
1053 2388 1450 2489 praeterquamquod

416 2498 502 2577 fieri
524 2522 605 2577 non
627 2503 768 2601 potuit,
799 2523 848 2575 ne
873 2496 966 2597 fingi
988 2500 1147 2598 quidem
1173 2499 1318 2600 potest:
1356 2500 1452 2575 alios

420 2613 530 2688 enim
552 2613 629 2686 alio
650 2633 761 2687 more
786 2610 961 2687 videmus
985 2629 1069 2686 exta
1098 2610 1349 2712 interpretari,
1378 2630 1453 2687 nec

422 2720 496 2798 effe
529 2745 648 2799 unam
671 2724 862 2798 ¹omnium
898 2720 1148 2824 disciplinam.
1221 2722 1270 2801 Et
1294 2716 1454 2800 certest

422 2832 476 2908 est
502 2834 655 2910 inertis
679 2813 803 2937 aliqua
824 2835 878 2910 vis
899 2856 996 2933 quac
1022 2834 1359 2921 declaret'futura3
1387 2858 1454 2910 ne-

423 2942 522 3021 cesse
541 2945 604 3027 eli,
633 2962 807 3022 eamaut
834 2969 926 3023 cum
955 2968 1082 3024 rerum
1111 2964 1246 3023 natura
1268 2947 1339 3023 efl'e
1363 2968 1458 3021 con·

1270 3057 1456 3153 junilam,

429 3207 506 3278 dem,
526 3216 676 3294 interrupta
694 3233 742 3294 per
759 3210 928 3273 Parenthelin
958 3234 1017 3293 prrs
1029 3212 1175 3292 fhmiliaris
1191 3209 1276 3293 effer]
1296 3212 1370 3272 Med.
1390 3234 1459 3293 quae

426 3297 568 3361 oratione,
595 3299 683 3353 cicero
702 3293 766 3352 tales
788 3292 930 3369 particulas
959 3308 1019 3368 pars
1031 3293 1149 3355 inimica,
1161 3310 1230 3369 quae
1237 3291 1384 3370 familiaris
1393 3296 1460 3369 affer·

427 3370 499 3428 solet
512 3374 670 3430 immittere.
706 3373 787 3428 Idem.
962 3372 1054 3429 licita
1070 3368 1242 3430 scribendum
1258 3384 1335 3447 puto.
1372 3378 1462 3443 Luca·¹

469 3454 604 3525 5cognt'ta
620 3450 664 3527 effe
680 3446 868 3525 haruspicibus]
889 3446 933 3502 Sic
959 3468 1008 3507 nus
1027 3450 1050 3513 l,
1070 3450 1137 3505 621.

428 3529 513 3585 Paris.
534 3529 608 3586 Med.
630 3533 657 3586 δι
681 3529 761 3604 Κεςζ
779 3525 872 3603 Vulgo
897 3523 934 3580 ab
996 3527 1205 3603 ——Venafipue
1218 3524 1330 3581 minaces

425 3602 613 3685 haruspicibus.
650 3604 737 3662 Idem.
998 3603 1095 3660 Hostili
1111 3606 1141 3660 de
1159 3615 1236 3676 parte
1251 3603 1334 3658 videt.

469 3690 489 3745 6
512 3693 573 3746 Aut
597 3701 647 3762 qur
668 3681 740 3738 mado
760 3678 793 3755 est
814 3677 933 3751 conlata]
959 3683 1052 3736 Livius
1068 3679 1114 3737 lib.
1128 3700 1178 3737 vnr
1204 3697 1264 3754 cap.
1279 3697 1307 3750 9.
1322 3678 1401 3734 Decio
1418 3679 1467 3736 caess
1527 3747 1530 3751 ¹

430 3768 474 3823 ita
500 3764 612 3843 quidem
640 3761 745 3818 Mssti:
776 3756 820 3814 sed
841 3756 934 3832 legen·
958 3756 1299 3839 parjecinorisafamiliari
1315 3769 1389 3828 parte
1404 3778 1464 3814 cae·
1542 3828 1545 3835 Ι

430 3842 502 3903 dum
526 3842 649 3903 videtur,
676 3836 711 3905 ό»
733 3853 783 3914 quo
807 3836 880 3891 modo
901 3832 934 3906 est
955 3837 1016 3908 sum
1036 3835 1132 3891 dicitur
1151 3833 1279 3909 ostendisse.
1315 3835 1358 3890 De
1377 3833 1464 3909 his&

432 3922 568 3979 conlatum
589 3919 657 3975 inter
680 3916 748 3991 ipsos.
787 3913 827 3969 Ac
850 3909 935 3967 conla-
962 3911 1019 3968 aliis
1034 3912 1087 3970 huc
1103 3911 1283 3987 spectantibus
1299 3912 1360 3969 vide
1377 3919 1460 3970 Bam.

427 4014 495 4065 ,tum
523 3998 606 4054 etiam
636 3990 779 4050 lambitur
802 4006 935 4065 reponeu·
961 3988 1113 4065 Briffimium
1124 3986 1274 4045 Formlib.
1285 3991 1306 4046 1.
1319 4008 1402 4068 pagg.
1417 4009 1466 4051 20,

431 4076 504 4136 darn
521 4073 601 4137 vidit.
635 4072 716 4129 Idem.
967 4084 1013 4122 21.
1040 4079 1086 4122 aut
1114 4066 1146 4143 J.
1166 4072 1197 4123 C.
1224 4065 1401 4141 Bulengerum
1431 4068 1466 4122 de

472 4172 489 4228 7
514 4150 605 4242 Qut
631 4160 694 4228 part
719 4143 842 4214 inimici,
867 4160 936 4221 quae
967 4145 1038 4199 Sort.
1052 4142 1099 4199 lib.
1121 4144 1158 4200 ΙΙ.
1173 4161 1232 4221 cap.
1254 4162 1302 4206 vn.
1321 4162 1382 4223 pag.
1399 4161 1467 4218 327,

968 4218 1039 4306 seqq.
1077 4219 1159 4294 {lema
1367 4226 1477 4279 icon«
