3784 5084
400 566 485 630 ποι
688 534 766 611 os
799 483 1287 613 orvruar'ronr

402 718 455 798 3⁶
471 688 552 769 Sed.
568 688 616 764 de
638 686 714 764 hoc
733 688 824 763 loco
847 688 955 790 plura
974 690 1016 765 in
1034 690 1135 765 aliis:
1177 675 1283 766 nunc
1303 679 1503 765 hadenusl

466 801 632 878 Externa
659 801 764 878 enirn
788 803 954 900 auguria,
982 824 1079 899 quae
1101 801 1188 877 sunt
1210 824 1294 877 non
1315 816 1396 873 tam
1412 802 1499 874 arti·

465 910 596 990 liciosa
616 933 734 1010 quarn
756 910 1014 1012 superstitiosa,
1036 913 1241 988 videamus.
1299 910 1499 986 Omnibus

464 1024 547 1102 bere
569 1025 698 1098 avibus
723 1040 905 1109 utuntur3
936 1019 1014 1099 nos'
1033 1024 1247 1103 admodum
1269 1024 1417 1123 paucis:
1460 1043 1499 1096 a·
1572 1105 1574 1107 ,

465 1138 520 1213 lia
545 1136 619 1210 illis
650 1128 789 1210 sinistra
821 1134 923 1224 sunt,
964 1136 1035 1210 alia
1065 1136 1211 1212 nostris.
1267 1132 1424 1209 Solebat
1450 1155 1498 1208 ex

466 1267 533 1329 me
558 1246 758 1321 Deiotarus
783 1247 1015 1343 percunbiari
1034 1248 1149 1323 nollri
1170 1248 1314 1347 augurii
1336 1244 1502 1343 discipli·

473 1380 580 1447 narn,
610 1379 684 1455 ego
711 1380 755 1430 ex
777 1357 847 1432 illo
871 1357 938 1433 sui.
1007 1352 1062 1434 Di
1091 1355 1337 1433 inmortales!
1379 1375 1500 1454 quan·

443 1486 556 1546 ¹cum
580 1464 804 1545 differebat?
846 1487 888 1543 ut
910 1469 1097 1567 quaedam
1122 1472 1236 1546 client
1261 1469 1378 1543 eriam
1401 1488 1502 1542 con·

469 1582 593 1655 traria.
651 1578 784 1677 Atque
815 1582 881 1655 ille
904 1580 961 1654 his
986 1580 1128 1681 semper
1162 1581 1364 1656 utebatur:
1414 1598 1503 1669 nos,

471 1686 541 1769 nifi
564 1690 660 1768 dum
694 1715 716 1766 a
748 1694 895 1792 populo
922 1691 1084 1791 auspicia
1123 1710 1274 1792 accepta
1302 1687 1505 1781 habemus,

472 1824 592 1903 quarn
614 1804 784 1882 multum
807 1804 851 1876 iis
871 1806 1037 1878 urimur?
1066 1805 1248 1880 Bellicam
1274 1822 1357 1878 rem
1381 1798 1502 1874 admi·

473 1913 617 1990 nistrati
641 1911 805 2002 maiores
827 1914 942 1987 nollri
964 1911 1032 1989 nisa
1064 1914 1254 2011 auspicato
1282 1911 1507 2009 noluerunt.¹

474 2028 604 2128 Qaam
632 2024 746 2097 multi
770 2026 863 2101 anni
887 2024 987 2132 sunt,
1016 2047 1106 2101 cum
1130 2027 1227 2101 bella
1253 2046 1272 2097 a
1295 2021 1505 2123 proconsu-

478 2137 581 2219 libus
611 2137 650 2210 be
678 2135 731 2210 ¹a
755 2135 1060 2236 propraetoribus
1088 2135 1408 2221 administrantur,
1437 2133 1508 2228 qui

479 2244 644 2346 auspicia
665 2269 746 2323 non
770 2244 932 2323 habent?
972 2249 1101 2345 ltaque
1123 2262 1227 2324 ²nec
1250 2236 1374 2321 amnis
1405 2260 1509 2317 tran·

476 2354 587 2441 scunt
612 2358 817 2457 auspicato,
838 2382 909 2435 nec
925 2361 1095 2461 tripudio
1114 2358 1348 2459 auspicamur
1363 2382 1372 2431 :
1389 2360 1510 2429 lnam

477 2492 523 2547 cr
551 2471 789 2545 acuminibus
808 2470 978 2567 quidem,
1006 2472 1111 2567 quod
1141 2490 1267 2546 totum
1298 2466 1509 2564 auspicium

479 2582 646 2663 militare
676 2579 745 2660 cst,
784 2579 864 2673 jam
892 2581 950 2655 M.
983 2580 1184 2658 Marcellus
1211 2583 1276 2655 ille
1304 2578 1511 2677 quinquies

480 2691 767 2780 consultorum
791 2686 929 2771 omilin
954 2693 1058 2767 idem
1081 2695 1299 2793 imperaror,
1323 2689 1426 2765 idem
1446 2710 1509 2760 au·
1534 2703 1537 2708 ·

451 2845 454 2854 ‹
483 2820 764 2920 guroptumus.
806 2798 889 2878 Ubi
910 2826 1002 2903 ergo
1020 2805 1146 2881 avium
1162 2802 1371 2880 divinatio?
1399 2820 1511 2896 quae,

1318 2912 1510 3009 quoniam

524 3036 536 3073 r
560 3019 583 3074 Α
625 3016 861 3153 propraetoribus}
893 3016 1044 3094 Vulgoiad
1059 3018 1158 3095 Festum
1180 3020 1209 3076 in
1233 3029 1361 3094 peremne,
1382 3020 1409 3076 &
1427 3014 1464 3093 J
1481 3020 1518 3072 C·

485 3093 558 3160 deest
574 3096 662 3169 prima
675 3116 729 3159 vox
744 3114 824 3175 quam
862 3095 895 3153 de
913 3098 985 3153 Msti
1014 3096 1189 3171 Bulcngcrum
1209 3095 1244 3152 de
1264 3093 1385 3153 Sortibus
1406 3091 1453 3150 lib.
1476 3094 1515 3148 ll.

486 3170 569 3229 Paris.
584 3172 786 3230 inculcavimus.
822 3174 985 3232 eerteocc-
1015 3193 1074 3251 cap.
1093 3177 1121 3231 6.
1159 3175 1239 3231 Idem.

426 3262 428 3265 ’
487 3268 518 3307 ce
535 3251 743 3325 praepositiones
764 3250 817 3307 hoc
838 3252 924 3309 modo
939 3270 987 3330 ge-
1055 3260 1159 3329 3Ncm
1172 3242 1515 3324 exacuminibusqscidem]

466 3362 469 3367 ·
487 3327 593 3386 minare
608 3326 698 3397 solitus
710 3329 758 3384 est.
792 3333 905 3388 Davies.
1018 3331 1084 3387 Non
1096 3330 1185 3393 video,
1207 3327 1272 3405 quid
1291 3324 1431 3402 impulerit
1446 3325 1517 3379 ami·

528 3423 544 3459 2
562 3410 621 3460 Nee
639 3422 728 3460 amnes
750 3409 885 3481 transeunt
904 3407 986 3481 auspi·
1017 3426 1081 3464 curn
1098 3423 1202 3469 meum,
1218 3400 1518 3463 virumdobiill‘rmum,

488 3494 634 3545 caro—
643 3501 677 3537 ex
695 3483 874 3557 acuminibus]
900 3486 988 3543 cicero
1018 3499 1048 3542 ut
1063 3485 1116 3541 hoc
1129 3484 1191 3549 loco
1200 3502 1252 3557 pro
1266 3476 1430 3538 acuminibus
1442 3476 1516 3553 lege·

411 3569 415 3606 ;
491 3560 533 3617 N.
545 3561 582 3617 D.
596 3558 642 3615 lib.
656 3561 694 3616 ΙΙΙ
709 3579 768 3635 cap.
785 3580 811 3636 3.
832 3559 917 3617 Nulla
930 3574 989 3636 pcr-
1016 3576 1060 3628 ret
1082 3560 1268 3620 cacuminibus,
1295 3576 1360 3615 cum
1379 3557 1417 3612 ita
1432 3553 1517 3629 scrip·

491 3640 579 3694 emnia
594 3639 744 3707 sumuntur,
769 3637 844 3701 nulla
868 3659 901 3694 ex
926 3657 990 3693 acu·
1019 3641 1178 3696 tumetium
1203 3639 1233 3695 srt
1248 3635 1320 3712 apud
1336 3631 1483 3691 Amabium
1500 3632 1523 3690 l.

414 3718 416 3721 ’
492 3713 622 3781 nimbum
641 3730 671 3771 ut
686 3718 804 3793 graviter
818 3715 991 3772 hallucinatus
1020 3719 1056 3773 ΙΙ.
1075 3736 1102 3791 p.
1125 3734 1188 3789 114.
1225 3734 1289 3772 cum
1317 3713 1420 3789 iuquit:
1455 3716 1516 3765 Aur

493 3792 535 3852 fit,
551 3794 596 3865 qui
610 3813 643 3847 ex
658 3793 833 3850 cacuminibus
846 3792 989 3849 rescriben-
1020 3798 1151 3849 Martium
1163 3794 1292 3868 discrimen
1308 3789 1434 3850 obeuntes,
1443 3788 1518 3862 spem

495 3868 563 3935 dum
580 3869 691 3927 censuit.
730 3873 772 3927 Dc·
788 3869 912 3945 auspiciis
927 3890 992 3927 vero
1020 3871 1234 3947 praeliisumitin
1251 3867 1285 3937 θ
1301 3889 1334 3925 ex
1346 3866 1517 3923 acuminibus

495 3945 677 4018 peremnibua,
703 3949 795 4025 iilque,
819 3966 886 4024 quae
902 3966 936 4004 ex
953 3950 993 4023 pi·
1021 3951 1166 4025 suspicaris.
1205 3948 1264 4005 Nisi
1278 3944 1350 4003 forte
1366 3942 1429 4017 Festi
1443 3942 1519 3999 illum

395 4059 405 4087 c
500 4020 590 4077 brom
615 4024 770 4081 militarium
794 4041 870 4100 capta
892 4024 953 4082 sunt
969 4044 993 4081 a·
1025 4026 1272 4089 movitaubloritas,
1288 4018 1524 4099 cujuslraecsunt:

498 4098 662 4179 {baliaribus
685 4103 728 4179 adi
749 4102 807 4190 Jefi
834 4100 995 4185 scaligerum
1025 4111 1223 4182 Supccvacaueu
1236 4098 1369 4169 ‹becbursu
1383 4096 1420 4158 ab
1434 4116 1523 4232 augbra-

753 4187 758 4205 ·
885 4187 907 4194 ”
970 4197 972 4201 “
1456 4182 1479 4239 ri
1497 4191 1530 4240 arr
