3784 5084
640 558 674 640 L
703 582 720 639 1
750 582 776 639 n
802 584 827 641 n
856 585 887 640 n
942 560 990 653 ΙΙ,
1024 559 1086 655 14',
1119 558 1184 656 15':
1409 580 1482 666 165

397 718 461 798 'rai
501 717 730 797 Concedam
752 718 828 798 hoc
846 719 982 821 ipsum.
1004 714 1030 795 st
1052 721 1128 808 vim
1158 714 1224 796 etsi
1247 741 1429 822 magnam
1443 757 1487 827 15

400 832 580 926 jaduram
604 832 732 909 causae
757 828 939 920 secernit
962 833 1081 908 ullam
1105 831 1175 910 effe
1198 836 1430 911 convenien-

403 946 501 1021 tiam
536 961 691 1034 naturae
726 967 817 1021 cum
848 946 946 1020 extis
974 946 1201 1023 conceffeto.
1268 944 1343 1021 Sed
1375 964 1431 1021 ta·

400 1076 511 1144 men,
537 1076 588 1129 eo
613 1053 801 1137 coneeffo
829 1049 900 1155 qui
923 1056 1062 1137 evenit,
1096 1056 1174 1133 ⁶ut
1196 1058 1240 1147 is,
1264 1058 1332 1154 qui
1356 1058 1430 1135 im·

400 1168 542 1268 petrite
569 1170 675 1258 velit,
703 1171 1000 1245 convenientem
1027 1165 1187 1244 hostiam
1219 1169 1329 1245 rebus
1357 1164 1430 1244 suis

402 1277 607 1354 immolet?
645 1282 732 1356 Hoc
754 1298 834 1355 erat
858 1280 966 1378 quod
989 1300 1063 1379 ego
1088 1301 1172 1354 non
1195 1280 1303 1354 rebar
1326 1277 1430 1381 poffe

402 1387 565 1466 dissolvi.
631 1388 689 1465 At
721 1413 840 1490 quam
873 1389 1003 1466 festive
1034 1389 1265 1467 diffolvitur!
1309 1390 1431 1468 Pudet

403 1520 472 1576 me
504 1522 589 1577 non
624 1503 683 1577 tui
708 1503 880 1602 quidem,
918 1503 1024 1597 cujus
1051 1504 1168 1577 etiam
1197 1503 1433 1601 memoriam

403 1612 589 1700 admiror,
628 1611 693 1688 sed
726 1608 938 1715 Chryfippi,
977 1612 1186 1713 Antipatri,
1223 1610 1434 1704 Posidonii,

403 1726 473 1823 qui
496 1723 601 1800 idem
627 1722 718 1801 istuc
741 1725 901 1823 quidem
925 1724 1069 1803 dicunt,
1084 1724 1193 1823 quod
1216 1724 1266 1802 est
1287 1725 1435 1802 dilium
1466 1746 1469 1750 ’

405 1851 504 1924 ate,
538 1835 586 1911 ad
607 1834 769 1911 hostiam
794 1836 1036 1937 deligendam
1064 1836 1235 1913 ⁷ducem
1256 1834 1327 1913 effe
1351 1838 1434 1913 vim

405 1945 602 2047 quandam
625 1945 854 2024 sentientem
881 1966 993 2047 atque
1015 1947 1200 2038 divinam,
1228 1968 1325 2046 quae
1347 1947 1436 2026 ioto
1493 2008 1495 2014 .

408 2056 568 2134 confusa
586 2059 737 2135 mundo
754 2053 809 2136 stt.
839 2060 937 2135 Illud
956 2081 1049 2136 veto
1069 2061 1197 2135 multo
1216 2061 1331 2136 etiam
1356 2081 1436 2137 me·

408 2169 496 2260 lius,
508 2170 616 2270 quod
634 2172 673 2245 δι
692 2189 763 2246 ate
778 2172 997 2271 usurpatum
1011 2168 1061 2245 est
1074 2174 1112 2246 &
1125 2170 1264 2246 dicitur
1281 2172 1327 2246 ab
1349 2174 1439 2253 illis.

407 2302 502 2356 etun
519 2282 722 2357 immolare
734 2281 922 2384 quispiam
940 2282 1049 2369 velit,
1061 2300 1146 2357 tum
1160 2278 1242 2356 fieri
1259 2301 1456 2377 extorum!

407 2393 684 2480 mutationem,
718 2412 761 2469 ut
784 2413 849 2470 aut
872 2387 966 2468 absit
997 2391 1140 2491 aliquid
1174 2410 1237 2467 aut
1262 2388 1438 2492 superfit:

410 2500 589 2581 Deorum
619 2506 727 2581 enim
761 2504 915 2581 numini
948 2526 1076 2606 patere
1102 2504 1248 2578 omnia.
1311 2492 1442 2582 εςΗοε

1346 2636 1438 2710 um,

409 2763 543 2816 Gruterus
566 2756 626 2836 post
659 2759 796 2817 Marium
820 2756 912 2823 dedit,
936 2773 1084 2837 puratum.
1110 2762 1183 2820 Cum
1202 2759 1337 2839 superiora
1352 2760 1395 2820 illa
1408 2781 1441 2821 o·

410 2854 467 2913 qua
494 2856 528 2893 ex
556 2839 752 2913 conjundiione
780 2850 912 2900 naturae,
938 2840 989 2896 lim
1006 2837 1172 2913 scripfiffem,
1188 2836 1243 2895 hoe
1256 2840 1303 2905 est,
1315 2857 1380 2898 cum
1394 2839 1442 2901 ad-

408 2931 464 2971 nec
485 2913 561 2973 aliter
580 2916 612 2972 iu
633 2913 693 2972 Pan.
716 2933 758 2990 pr.
782 2914 834 2973 sec.
859 2912 913 2993 legi
939 2916 1103 2974 monuissem
1134 2916 1277 2973 Lediorem
1310 2915 1442 2976 mendose

409 2991 532 3049 testatur.
578 2995 616 3050 At
640 2992 721 3051 Parii)
744 2992 818 3049 Med.
841 2994 913 3069 Reg.
940 2993 1008 3050 olim
1022 3005 1117 3069 operas
1133 2991 1222 3051 feciffe
1234 2997 1378 3071 impetrare
1389 3014 1442 3071 pto

409 3068 514 3127 Balliol.
532 3074 561 3131 δι
581 3071 693 3129 Canmb.
715 3086 770 3149 qna
791 3088 826 3127 ex
848 3087 916 3147 cog·
943 3073 1082 3147 impetrire,
1098 3084 1191 3128 tamen
1213 3069 1443 3137 homossaimm

411 3147 676 3285 nanneni
691 3151 915 3283 Q
940 3141 1234 3301 tininensi

412 3300 456 3359 sui
470 3302 659 3363 revocandam.
694 3302 804 3380 Alioqui
818 3320 914 3360 vocem
942 3301 976 3359 iia
992 3300 1069 3367 fecit,
1081 3319 1170 3381 nequo
1189 3302 1244 3362 hoc
1267 3303 1348 3365 semel
1364 3323 1444 3365 com·

412 3380 591 3460 conjuniiionis
612 3379 683 3439 haud
702 3380 924 3438 incommodam¹
944 3380 1026 3440 misit,
1046 3397 1133 3457 neque
1148 3398 1206 3439 uno
1218 3379 1291 3439 loco.
1320 3381 1442 3451 Lambini.

411 3474 493 3533 puto.
538 3458 610 3516 Vide
631 3460 664 3519 iis
683 3455 755 3517 infra
768 3476 848 3534 capp.
868 3460 916 3525 60,
980 3454 1230 3534 1Ducemefflvim
1241 3460 1377 3535 quandam
1382 3458 1444 3534 senss

412 3536 435 3593 6
458 3578 465 3592 .
501 3534 583 3593 Idem.
942 3537 1069 3607 timiam]
1098 3535 1200 3593 Mundi
1223 3535 1292 3593 dicit
1313 3538 1444 3602 animam,

452 3614 473 3669 6
495 3617 532 3669 Ut
551 3616 572 3669 is
589 3616 638 3691 ‘qui
656 3613 800 3690 impetrire
822 3612 917 3695 velit]
961 3631 1025 3670 uam
1039 3606 1128 3674 itinn
1143 3605 1269 3684 §aia-pte
1283 3606 1365 3674 diam
1379 3606 1446 3672 censs

414 3691 462 3749 Sic
477 3688 634 3768 legendum,
653 3710 711 3749 non
725 3693 866 3767 impertire,
885 3707 918 3751 ut
1024 3704 1034 3747 t
1050 3689 1144 3748 Stoici.
1181 3690 1253 3748 Vide
1267 3690 1300 3748 ad
1316 3690 1363 3751 lib.
1380 3694 1404 3751 1.
1418 3710 1445 3751 c.

415 3768 574 3826 estinlibris
587 3767 703 3846 vulgatis
710 3793 720 3835 ς
737 3787 824 3858 neque
838 3772 918 3846 impe·
945 3787 995 3842 52.
1033 3771 1148 3824 Davies.
1438 3758 1442 3773 ⁴

414 3859 501 3910 mre,
528 3861 560 3904 ut
580 3863 679 3921 operae
693 3846 740 3903 hic
754 3846 823 3903 olun
840 3865 918 3905 men·
983 3845 1001 3901 8
1018 3847 1152 3934 Hocjam,
1167 3840 1327 3907 mihicrede,
1346 3864 1377 3912 nt
1388 3846 1449 3904 eni-

414 3921 482 3980 dose
497 3923 629 3981 secuunt.
665 3924 711 3980 Est
732 3938 823 3981 autem
840 3927 920 4001 impe·
946 3922 1022 3999 culae
1037 3922 1163 3999 quadem]
1181 3920 1274 3999 Vulgo
1289 3920 1363 3985 baec,
1382 3921 1452 3982 mihi·

415 4002 492 4063 trin,
517 4001 661 4078 antiquum
691 4001 820 4065 verbum,
846 4002 920 4079 quod
942 4001 1006 4081 jam
1018 3998 1098 4055 crede.
1135 3997 1186 4054 Sed
1201 3996 1248 4055 hoc
1262 4017 1296 4057 ex
1312 4000 1451 4075 Patiilde·

415 4077 547 4154 fignificat
560 4080 711 4154 impetrare,
733 4078 861 4153 utsupra
879 4078 922 4135 di·
948 4077 1054 4134 dimus:
1074 4074 1117 4131 ille
1127 4091 1193 4132 vero
1208 4074 1355 4135 verborum
1371 4072 1455 4143 ordo.

414 4156 517 4239 μιῇ,
541 4154 645 4257 Qu
662 4156 921 4250 impediamini·
948 4172 1032 4307 puepn
1053 4150 1261 4247 suppeditarunt
1277 4150 1457 4314 Panisananpiess
