3784 5084
395 564 480 674 J166
658 559 738 640 De
779 553 1270 643 DIVINATIONE

459 718 552 815 jam,
567 707 666 790 mihi
683 711 807 800 crede,
820 733 872 786 ne
891 709 1063 786 aniculae
1084 707 1243 805 quidem
1267 702 1494 787 existimant.

460 828 532 918 An
555 824 696 905 censes,
721 824 733 874 ¹
754 822 921 899 eundem
943 822 1110 904 vitulum
1134 813 1159 894 st
1182 822 1276 896 alius
1295 817 1494 918 delegerit,

460 932 543 1016 stne
568 938 691 1035 capite
713 936 815 1029 jecur
840 937 1111 1020 inventurum3
1139 927 1166 1016 li
1191 933 1296 1011 alius,
1320 951 1412 1006 cum
1435 949 1492 1005 ca-

463 1051 565 1153 pite?
592 1038 875 1132 Haeedeccssio
898 1046 1041 1145 capitis,
1069 1062 1133 1121 aut
1152 1036 1493 1131 accessimsubito

380 1201 383 1207 =
463 1184 515 1248 ue
538 1157 620 1236 steri
642 1157 773 1257 potest,
794 1182 837 1234 ur
862 1155 899 1233 se
918 1175 1003 1235 exta
1024 1155 1071 1233 ad
1092 1156 1349 1233 immolatoris
1371 1151 1492 1232 sortu-

461 1294 554 1350 nam
587 1269 913 1347 accommodent?
972 1270 1071 1346 Non
1102 1267 1329 1371 perspicitis.
1370 1267 1495 1348 aleam

462 1384 658 1482 quandam
687 1382 758 1457 elle
791 1382 832 1461 iu
858 1380 984 1457 hostiis
1008 1380 1232 1479 deligendis,
1272 1377 1495 1479 praesertim

463 1515 555 1579 eum
579 1514 638 1570 res
661 1492 737 1594 ipsa
759 1491 922 1581 doceat?
959 1516 1050 1569 cum
1076 1514 1184 1569 emm
1207 1482 1413 1579 tristissima
1434 1511 1495 1566 ex·

464 1623 505 1681 ra
528 1600 605 1682 fine
625 1608 749 1703 capite
773 1603 928 1684 suerint.
958 1604 1095 1704 quibus
1129 1600 1226 1679 nihil
1251 1596 1496 1684 videturesse

421 1742 423 1746 ·
464 1716 606 1805 ditiusr
647 1718 820 1816 proxima
844 1714 962 1801 hostia
993 1717 1119 1796 litatur
1147 1714 1253 1815 saepe
1286 1710 1497 1813 pulcherti÷

464 1848 543 1903 me.
605 1822 721 1903 ²Ubi
751 1830 866 1925 igitur
891 1829 978 1902 illae
1006 1829 1134 1908 minae
1163 1824 1403 1925 superiorum
1433 1845 1498 1898 ex·

463 1944 623 2014 torum?
662 1958 726 2011 aut
748 1960 845 2034 quae
871 1955 950 2015 ram
974 1935 1099 2015 subito
1124 1934 1219 2013 sada
1241 1936 1290 2015 cll
1316 1936 1496 2011 Deorum

402 2065 571 2165 ,fitanta
593 2048 781 2149 placatio?
837 2047 910 2125 Sed
939 2050 1072 2139 adfers,
1103 2050 1263 2125 intauri
1285 2049 1409 2149 opimi
1435 2068 1498 2122 ex÷

466 2163 528 2250 tis,
553 2158 785 2241 immolante
801 2158 974 2252 Caesare,
998 2184 1066 2238 cot
1088 2183 1170 2242 uon
1189 2155 1317 2236 suisl'e:
1348 2159 1386 2236 ld
1408 2159 1499 2257 quia

467 2296 553 2360 non
573 2272 739 2373 potuerit
765 2272 994 2350 acciderent
1016 2267 1093 2348 stne
1115 2273 1231 2348 corde
1256 2271 1411 2348 vistima
1432 2270 1499 2354 illa

467 2387 638 2469 viverere
693 2382 942 2476 judicandum
983 2381 1054 2459 effe
1095 2402 1179 2457 tum
1220 2379 1383 2458 interisse
1416 2403 1498 2476 cor,

467 2518 558 2584 cum
594 2496 873 2574 immolaretur.
942 2489 1023 2601 Qui
1042 2491 1083 2573 fit
1104 2512 1146 2570 ut
1170 2495 1331 2569 alterum
1349 2494 1498 2579 intelle·

465 2629 543 2708 gas,
573 2601 650 2682 fine
677 2607 792 2682 corde
816 2630 900 2685 non
921 2606 1080 2709 potuisse
1103 2607 1245 2689 bovem
1271 2608 1419 2691 viveres
1450 2598 1500 2680 al·

1370 2735 1501 2804 rerum

466 2818 655 2895 Balliolueg.
670 2823 698 2877 δι
713 2822 823 2878 Vielor.
836 2823 970 2880 efficacio-
1000 2828 1172 2886 connedlirur
1186 2824 1282 2883 oratio.
1318 2822 1401 2879 Idem.

467 2916 528 2965 reru
547 2896 636 2953 reddit
651 2898 804 2963 orationem
817 2924 825 2965 ς
843 2900 925 2972 docet
941 2920 968 2957 e·
1037 2921 1050 2977 3
1069 2904 1159 2988 ‚Quod
1169 2902 1314 2980 adspexerit
1328 2900 1424 2974 vestitu
1434 2912 1500 2977 pur·

467 2975 554 3041 euim,
575 2974 615 3031 vel
630 2972 698 3047 ipsas
714 2988 774 3031 turn
794 2978 927 3051 temporis
940 2996 969 3034 a·
995 2990 1074 3054 parrer
1105 2982 1238 3038 excordem
1265 2981 1419 3051 caestum,
1452 2979 1501 3054 ipse

467 3051 570 3110 nicolas
585 3050 719 3108 veteribus
734 3052 784 3111 illis
800 3055 897 3111 Stoicis
914 3057 968 3113 mi·
997 3058 1069 3116 corde
1087 3062 1210 3134 priuatus
1225 3058 1271 3132 est]
1293 3058 1355 3113 Hoc
1368 3053 1419 3118 ait,
1435 3058 1500 3133 quia

466 3148 520 3209 trus
533 3128 610 3187 luisse
623 3127 751 3207 credulas,
786 3136 899 3191 Davies.
997 3150 1059 3192 tum
1073 3138 1196 3211 primum
1210 3136 1306 3210 Caesar
1320 3151 1381 3191 cnm
1398 3145 1499 3207 pnrpu-

508 3226 519 3261 ι
539 3208 655 3262 Eundem
670 3207 789 3264 vitulum
796 3206 826 3283 ſs
835 3210 906 3269 alius
924 3215 969 3270 de·
997 3232 1044 3270 rea
1061 3214 1129 3289 vesle
1149 3216 1267 3290 proceffit‚
1292 3225 1324 3269 ut
1346 3209 1501 3269 observarat

465 3280 558 3358 legerit
572 3279 629 3355 fine
652 3286 735 3357 capite
744 3289 822 3365 jecur
844 3290 968 3348 inventu·
996 3289 1043 3348 lib.
1064 3294 1086 3350 l.
1108 3311 1167 3369 cap.
1187 3311 1235 3365 52.
1261 3295 1288 3349 δι
1306 3302 1420 3347 taurum
1435 3288 1502 3350 colon

466 3359 561 3439 tum]
591 3364 747 3420 Pronomen
765 3383 825 3421 enm
845 3365 968 3425 subaudi·
997 3367 1155 3427 rubicundus
1180 3372 1298 3432 excitat,
1324 3371 1352 3425 δι
1375 3364 1502 3425 furibuu-

466 3438 571 3509 1inon
592 3439 706 3511 deerunt
728 3443 776 3516 qui
790 3445 966 3513 contendant.
998 3446 1066 3503 dum
1083 3447 1182 3505 reddit.
1226 3446 1298 3503 Vide
1321 3451 1445 3501 Senecam
1466 3443 1503 3506 de

468 3516 542 3592 Cum
557 3532 648 3578 tamen
672 3512 736 3576 haee
751 3523 871 3578 curarint
890 3522 968 3581 haru-
999 3525 1041 3581 [ra
1059 3523 1105 3583 lib.
1126 3528 1179 3583 111.
1194 3542 1254 3600 cap.
1280 3542 1324 3598 30.
1362 3522 1503 3586 Memora·

468 3591 572 3669 spices3
592 3593 769 3671 reposuerim,
791 3598 910 3679 Ejusdem
926 3605 968 3656 vi·
999 3615 1028 3658 tu
1047 3622 1111 3661 vero
1126 3603 1210 3680 digna
1226 3602 1333 3660 videtur
1353 3598 1402 3657 hac
1420 3599 1456 3660 de
1472 3617 1503 3662 re

468 3669 530 3761 tuli,
542 3670 571 3747 fi
583 3671 652 3730 alins
667 3673 799 3747 delegerit,
811 3674 867 3751 fine
884 3681 968 3754 capite
999 3679 1078 3753 ipsius
1092 3680 1158 3760 Julii
1173 3679 1320 3755 responsio,
1345 3680 1392 3755 qui
1412 3698 1440 3735 eo
1454 3684 1502 3746 νὴ

460 3768 540 3829 Jecur
556 3752 698 3808 inventum
716 3754 758 3809 iri.
795 3755 875 3811 Idem.
998 3765 1132 3831 rogantina
1148 3756 1285 3833 progressus
1300 3756 1341 3831 est,
1365 3769 1397 3812 ut
1416 3754 1502 3822 baruf

461 3844 465 3857 ¹
487 3846 522 3914 ⁴2
541 3827 590 3882 Ubi
615 3831 700 3905 igitur
718 3829 781 3885 illae
796 3833 883 3907 minae
894 3836 967 3909 [upe-
992 3838 1058 3910 sprce
1073 3835 1156 3910 trr'flrn
1173 3837 1207 3902 (p
1223 3835 1278 3910 line
1292 3835 1365 3906 corde
1381 3835 1502 3908 excusae

464 3922 567 3960 trorum
593 3921 715 3962 extorum
727 3906 764 3984 ἕ]
801 3911 834 3965 Ιιι
854 3910 969 3987 vulgaris
999 3933 1041 3970 cro
1060 3915 1173 3989 quodam
1189 3918 1336 3975 nuntiante,
1356 3914 1449 3969 lutura
1461 3907 1502 3968 di·

467 3978 541 4053 deest
558 3998 611 4069 νοιι
628 3981 749 4046 secunda,
766 3991 848 4060 quani
864 3987 968 4046 obtule·
998 4005 1066 4047 neret
1090 3990 1208 4053 laetiora.
1234 4009 1300 4047 cum
1323 3987 1419 4055 vellet3
1450 4008 1502 4049 nec

467 4073 534 4117 runt
549 4056 628 4115 Paris.
646 4061 720 4116 Med.
736 4064 806 4139 Reg.
825 4068 853 4122 dt
869 4065 968 4124 Balliol.
1001 4086 1051 4139 pro
1068 4069 1174 4126 ostento
1190 4068 1362 4132 ducenduma
1382 4067 1401 4125 fi
1418 4085 1500 4140 pecu·
1554 4064 1557 4070 ’

464 4150 553 4222 neque*
561 4149 678 4238 recepta
694 4137 800 4225 melleas,
812 4155 845 4201 ut
857 4143 967 4227 opinor,
997 4145 1027 4213 di
1041 4165 1098 4233 pon
1106 4145 1247 4230 desinisset.
1264 4144 1354 4230 Verba
1367 4142 1504 4237 suntdal-⁶

803 4288 807 4295 .
880 4241 882 4247 '
910 4287 912 4292 ,
1440 4238 1502 4303 “llll
