3784 5084
653 577 992 676 Lanuui,
1027 605 1087 673 13,
1121 597 1181 682 14.
1444 577 1495 667 29'

396 750 445 812 ut
472 754 688 835 numquam
712 733 877 835 perfecte
899 736 1101 813 veritatem
1121 734 1224 812 casus
1249 733 1432 812 imitetur.

399 848 459 922 At
484 868 786 945 nonnumquam
814 867 869 929 ea,
896 869 993 947 quae
1017 847 1204 949 praedicta
1231 850 1330 934 sunt,
1360 847 1430 920 mi·
1450 860 1500 929 14

399 980 474 1033 nus
497 960 691 1035 eveniunt.
742 959 852 1064 Quae
871 961 1028 1040 tandem
1051 958 1089 1033 ld
1112 979 1168 1033 ars
1190 982 1272 1035 non
1294 955 1430 1032 habeti

401 1092 535 1145 earum
563 1069 654 1147 dico
681 1070 836 1159 artium,
868 1092 965 1168 quae
988 1070 1204 1164 conjestura
1230 1071 1433 1147 continen-

399 1196 464 1257 tur
488 1184 527 1257 ὅ(
547 1181 634 1256 sunt
657 1181 878 1283 opinabiles.
935 1183 1003 1259 An
1027 1180 1233 1271 medicina,
1267 1202 1323 1255 ars
1347 1201 1433 1257 non

399 1291 569 1392 putanda
587 1291 658 1368 elli
687 1313 805 1392 quam
826 1302 958 1371 tamen
974 1292 1095 1367 multa
1116 1286 1276 1369 falluntl
1304 1290 1434 1394 Qud?

401 1398 683 1480 Gubernator'es
703 1424 838 1482 nonne
861 1402 1066 1480 falluntur?
1093 1401 1160 1479 An
1185 1400 1429 1478 Achivorum

401 1514 588 1590 exercitus
608 1516 902 1593 &ternarium
926 1517 1093 1619 rectores
1117 1537 1202 1593 non
1227 1517 1280 1591 ita
1301 1508 1432 1615 profe·

400 1620 744 1716 &mmmmm

454 1760 506 1830 Ut
521 1748 730 1862 profhetiam
751 1750 839 1832 laeti
851 1754 1001 1862 pestium
1027 1751 1216 1863 lasciviam

453 1873 685 1949 Intuerentur,
713 1885 756 1945 ut
787 1871 837 1945 ait
867 1867 1064 1962 Pacuvius,
1090 1882 1155 1942 nec
1179 1862 1297 1945 tutudi
1326 1856 1426 1971 4‚sa

510 1977 614 2053 tietas
637 1997 754 2085 capere
776 1978 914 2086 posset?

453 2095 593 2163 Interea
619 2099 720 2198 prtpe
751 2097 836 2196 jum
869 2087 1036 2166 occidente
1064 2085 1143 2199 sale
1176 2095 1192 2145 5
1220 2079 1427 2194 inhorrescit

510 2224 621 2290 mare,
880 2220 884 2246 ·

455 2305 626 2387 Tenebrae
664 2308 964 2418 conduplicntur,
1003 2308 1179 2422 uariisque
1206 2307 1250 2402 ὀΝ
1276 2301 1431 2385 nimbum

510 2439 669 2499 occaecat
690 2423 816 2529 nigror.

401 2571 517 2649 Num
549 2572 665 2672 igitur
691 2587 751 2646 tot
783 2556 1080 2647 clariffimbrum
1104 2569 1247 2648 ducunt
1278 2588 1432 2668 regum·

400 2707 479 2784 que
502 2682 740 2782 naufragium
766 2680 911 2785 sustulit
931 2701 1051 2757 artem
1077 2682 1337 2783 gubernandi?
1365 2696 1432 2756 aut

402 2817 501 2873 num
524 2784 540 2833 ⁶
558 2796 835 2893 Imperatorum
856 2796 1011 2871 scientia
1030 2796 1129 2871 nihil
1143 2794 1206 2884 ell,
1220 2796 1310 2894 quia
1330 2791 1429 2867 surn-
1534 2810 1537 2814 ’

401 2930 490 2983 mus
503 2905 714 3008 Imperator
730 2928 850 3006 nuper
870 2906 981 3008 sugit,
997 2905 1131 2982 amilio
1153 2910 1319 2984 exercitu
1328 2912 1342 2980 l
1368 2920 1433 2977 aut
1502 2917 1504 2922 ·

1328 3035 1427 3089 num
1545 3110 1548 3114 .

402 3125 431 3183 ui
452 3118 590 3180 Gulielmii
612 3120 721 3197 prorsus
743 3122 781 3179 est
802 3122 899 3180 miran-
935 3119 1066 3195 surpatur.
1112 3122 1184 3179 Vide
1207 3120 1293 3179 modo
1317 3122 1432 3176 Nauium

401 3204 489 3268 dum;
512 3199 568 3276 qui,
585 3217 650 3255 cum
665 3200 708 3257 Pal
732 3203 837 3276 primus
857 3201 898 3257 de·
935 3216 994 3272 cap.
1015 3217 1039 3254 2.
1078 3199 1171 3257 Malim
1195 3219 1270 3262 vero,
1290 3195 1434 3275 transpon-

401 3281 475 3337 derit
495 3280 594 3333 Veneria
613 3296 704 3354 ecque,
749 3279 852 3334 codicis
872 3278 899 3333 il·
936 3276 971 3331 tis
985 3274 1104 3342 vocibus,
1116 3276 1357 3353 rescriberecupere
1371 3275 1435 3352 pos·

402 3356 455 3415 lius
475 3354 623 3412 lediionem
651 3372 743 3410 veram
766 3356 817 3411 elie
840 3374 901 3430 pto·
935 3350 974 3408 set
986 3356 1114 3428 statutas:
1148 3375 1215 3422 uuae
1231 3373 1285 3413 vox
1300 3368 1335 3422 nt
1347 3357 1434 3427 suatye·

402 3434 550 3492 nuntiavit.
568 3432 648 3508 Qrasa
658 3440 699 3494 Eo,
714 3432 755 3493 τῆς
764 3434 830 3495 ’Heia
843 3438 900 3487 Au·
935 3442 976 3485 tas
1002 3434 1243 3507 pronuntiabatur.
1287 3432 1358 3488 Vide
1391 3428 1434 3487 cl.

402 3530 487 3576 rurae,
512 3523 681 3584 competeret
702 3510 823 3586 potestas.
860 3511 902 3564 Sic
935 3508 1081 3565 Bentleium
1100 3509 1135 3567 de
1153 3514 1248 3569 Mettis
1263 3508 1434 3567 Terentianis

402 3587 578 3648 tendendos
599 3586 759 3662 propinant,
786 3589 832 3665 qui
856 3605 901 3660 pa·
937 3603 995 3661 pag.
1016 3605 1057 3659 ¹4·
1095 3589 1176 3645 Idem.

401 3664 570 3725 trocinandis
585 3663 697 3721 suorum
714 3662 848 3721 librorum
865 3662 902 3720 le²
972 3681 990 3735 5
1018 3661 1167 3739 Inhorrefcit
1191 3663 1288 3735 mare]
1321 3665 1379 3719 Hos
1406 3667 1435 3723 ἃ

401 3742 541 3804 &ionibus
557 3742 769 3816 intemperanter
787 3740 900 3800 suntad·
934 3740 982 3817 qui
1006 3740 1183 3817 sequebantur
1198 3740 1268 3815 apud
1285 3744 1435 3797 Pacuvium

400 3822 483 3883 dieti!
520 3820 601 3877 idern.
936 3816 1025 3875 versus
1041 3818 1152 3876 adducit
1168 3818 1318 3876 nollerllb.
1334 3820 1436 3877 lll.de

440 3893 809 3973 4Satietateupercptu1et]
829 3897 901 3951 Haec
936 3898 1087 3970 Oratcap.
1104 3914 1150 3969 39.
1187 3896 1267 3953 Idam.

401 3973 536 4051 scriptura
551 3987 673 4030 metrum
691 3972 799 4047 prorsus
818 3974 902 4029 vitiat.
974 3975 991 4027 6
1015 3978 1207 4047 imperatarum
1229 3975 1337 4048 felcaria
1368 3971 1436 4030 nihil

401 4058 533 4108 Gruterus
557 4050 704 4127 legendum
723 4051 841 4124 conjecit
841 4052 902 4181 st
937 4050 983 4125 est]
1009 4050 1090 4105 Forte
1108 4048 1182 4105 nulla
1201 4052 1242 4125 est.
1282 4049 1438 4108 Lambinus.

401 4130 455 4185 tias
484 4140 573 4203 capere
598 4129 692 4204 paffict.
730 4129 818 4183 Satias
852 4145 902 4182 ane
976 4126 1044 4183 ibid.
1059 4134 1253 4201 imperatarum
1268 4129 1377 4200 scientia
1396 4128 1437 4180 ni·

402 4224 456 4283 pro
468 4207 596 4280 fiatirtate
611 4202 707 4281 palium
722 4204 857 4263 veteribus
869 4222 901 4262 u·
918 4260 920 4266 ,
937 4202 975 4263 hil
994 4200 1045 4284 est]
1063 4205 1278 4278 SieLaeiautr'rts
1296 4202 1359 4261 Diu.
1372 4202 1437 4346 nihilh.

1425 4355 1434 4380 l
