3784 5084
441 586 498 681 ‘36
706 574 1306 665 DuDlVlNATIONE

513 741 567 836 (id
593 740 641 817 cst
671 742 873 817 incurvum
902 741 941 815 &
971 738 1102 813 leviter
1126 759 1146 811 a
1171 737 1326 815 summo
1349 730 1538 816 inflexum

511 854 708 941 bacillum,
748 850 855 950 quod
879 850 925 923 ab
955 851 1033 942 ejus
1064 851 1160 928 litui,
1199 871 1280 947 quo
1305 850 1464 938 canitur,
1495 846 1537 926 si·

509 966 731 1040 militudiue
760 983 908 1038 nomen
940 960 1113 1062 invenit)
1144 980 1233 1034 cum
1266 954 1352 1035 sttus
1376 956 1465 1034 esset
1495 962 1538 1038 in

511 1081 615 1152 cutia
642 1075 845 1161 Saliorum,
874 1093 971 1168 quae
997 1068 1046 1144 est
1071 1074 1112 1147 in
1136 1070 1298 1160 Palatio,
1327 1092 1447 1170 eaque
1473 1070 1538 1147 de·

509 1184 740 1288 flagravisset,
770 1186 946 1257 inventus
970 1180 1020 1256 est
1043 1181 1202 1281 integer.
1258 1183 1390 1285 Quid?
1431 1180 1538 1259 Mul·

512 1301 560 1373 tis
587 1300 694 1372 annis
717 1294 795 1393 post
819 1294 1051 1379 Romulum,
1080 1289 1208 1369 Prisco
1233 1311 1417 1392 regnante
1440 1294 1536 1369 Tar·

513 1410 664 1508 quini0‚
694 1406 778 1505 quis
801 1424 975 1480 veterum
999 1401 1225 1504 scriptorum
1246 1426 1329 1480 non
1351 1403 1537 1501 loquitur·

511 1544 609 1617 quae
634 1513 677 1592 stt
705 1516 751 1591 ab
776 1514 893 1590 Attio
916 1516 1047 1590 Navio
1070 1538 1134 1616 per
1159 1515 1300 1589 lituum
1330 1515 1537 1615 regionum

508 1630 606 1709 satta
632 1627 857 1727 descriptio?
896 1627 1074 1724 quicum
1097 1643 1252 1727 propter
1272 1642 1538 1726 paupertatem

511 1741 592 1818 sues
626 1764 719 1841 puer
743 1734 919 1838 pascerer,
962 1758 1039 1814 una
1069 1760 1114 1811 ex
1147 1734 1367 1825 salsamina,
1396 1737 1539 1814 vovisse

512 1854 666 1931 dicitur,
692 1845 718 1923 sr
741 1846 1035 1948 recuperavisset,
1065 1869 1178 1922 uvam
1202 1845 1238 1923 se
1261 1848 1336 1921 deo
1355 1845 1538 1923 daturum

398 2009 401 2013 ·
514 1984 612 2066 quae
634 1980 813 2035 maxuma
832 1957 920 2033 effer
943 1960 986 2035 in
1005 1960 1137 2036 vinea:
1166 1959 1294 2059 itaque
1318 1955 1381 2034 sue
1404 1957 1539 2065 iuven·

1484 2086 1537 2165 ta,

403 2230 406 2234 ’
514 2200 763 2270 ieritetasnmrno
780 2204 912 2261 inflexum
929 2202 997 2262 bacil
1041 2205 1146 2284 vulgus,
1167 2210 1193 2266 δι
1212 2218 1295 2281 paene
1311 2203 1397 2279 pueri,
1416 2202 1538 2283 quides-

514 2284 584 2350 lum,
601 2286 675 2361 quod
695 2286 728 2341 ab
750 2284 808 2359 ejus
823 2282 882 2339 litui
898 2300 954 2358 quo
968 2300 1004 2336 ea·
1044 2285 1080 2342 set
1096 2286 1187 2346 lituus,
1213 2299 1274 2340 tum
1295 2284 1429 2355 temporis
1453 2282 1539 2357 probe

515 2367 590 2423 nitur
599 2363 771 2420 similitudine
781 2379 882 2416 nornen
899 2360 1012 2414 invenit·
1043 2378 1181 2418 noverant.
1217 2358 1288 2417 Mihi
1306 2375 1396 2415 tamen
1412 2358 1485 2416 haud
1502 2362 1539 2417 ita

514 2462 576 2503 cum
607 2457 660 2497 trus
687 2439 743 2516 effer
766 2443 819 2496 &o
866 2440 926 2512 Ego
949 2454 1011 2491 vero
1042 2439 1118 2495 firma
1140 2437 1259 2515 claraque
1281 2437 1386 2493 ridetur
1409 2435 1475 2494 haec
1498 2456 1539 2495 ta·

514 2522 581 2579 haee
601 2518 682 2586 verba
695 2519 723 2573 id
737 2515 1010 2580 assummum-in·
1042 2518 1091 2577 tio,
1112 2530 1143 2573 ut
1158 2534 1218 2570 tem
1234 2516 1262 2570 in
1279 2528 1370 2587 aperta
1380 2513 1441 2570 luce
1456 2513 1540 2571 eollo·

514 2600 604 2659 venir,
624 2614 682 2671 jam
713 2594 780 2651 olim
804 2610 868 2648 eum
892 2592 1008 2664 primam
1043 2607 1095 2650 cet.
1132 2594 1216 2652 Nam,
1230 2610 1263 2648 ne
1278 2608 1432 2647 memorem
1448 2589 1541 2649 deso-

515 2675 665 2733 edirionem
685 2671 805 2728 molirer,
821 2670 906 2745 Joan.
919 2675 1009 2722 Aura·
1043 2672 1068 2726 lo
1086 2668 1200 2727 Romuli
1215 2669 1283 2726 lituo
1300 2667 1344 2724 hic
1358 2666 1484 2744 agiliter
1498 2669 1546 2727 M.

514 2750 686 2807 rodixeram,
708 2744 777 2801 mihi
796 2746 880 2799 videti
896 2744 946 2797 esl'e
966 2742 1010 2799 aii·
1043 2750 1205 2807 Ciceronem,
1233 2762 1364 2821 augurem
1390 2744 1460 2801 lituo
1485 2743 1543 2803 fre·

407 2878 410 2882 .
516 2845 581 2890 ena,
612 2844 669 2880 non
699 2823 838 2878 Ciceronis:
872 2820 944 2897 quod
971 2819 1013 2875 ille
1044 2839 1154 2899 quenter
1171 2822 1259 2883 usum,
1276 2819 1400 2899 thatet
1415 2820 1544 2901 adloun

516 2904 586 2963 mihi
613 2900 725 2957 assensus
746 2912 818 2961 erat,
845 2897 881 2952 ob
900 2914 1013 2973 eamque
1044 2917 1099 2965 tun
1127 2919 1158 2956 ea
1184 2899 1313 2962 miseere,
1336 2916 1403 2976 quae
1422 2898 1543 2961 Tullium

516 2979 621 3039 causam
661 2975 786 3053 jusseram
825 2973 916 3029 deleri·
962 2972 1012 3028 Sed
1045 2997 1099 3035 non
1119 2976 1258 3053 fugerunt,
1277 2975 1347 3032 haud
1363 2989 1419 3032 erat
1434 2978 1544 3053 impot-

515 3061 578 3137 quia
598 3056 718 3131 pluribus
743 3051 954 3131 cogitationibus
972 3051 1010 3105 di·
1045 3071 1159 3112 turtum:
1179 3055 1310 3130 siquidem
1325 3052 1428 3109 liberio
1443 3056 1545 3113 laeto·

516 3137 632 3196 strieius,
648 3154 704 3189 non
720 3131 779 3187 fiatis
796 3132 820 3185 nl
838 3128 1013 3193 planeosten-
1047 3151 1108 3189 rum
1133 3134 1247 3209 gratiam
1274 3130 1326 3187 fuit
1344 3129 1442 3187 editus.
1479 3132 1544 3191 Nice

479 3248 482 3253 -
517 3215 619 3272 derant,
643 3212 686 3266 sed
703 3209 841 3268 obscurius
857 3206 1012 3269 indicatam,
1047 3208 1118 3266 forte
1140 3209 1200 3266 litui
1223 3208 1313 3264 forma
1334 3208 1440 3264 eunetis
1461 3208 1546 3269 inno·

517 3294 623 3363 Operae
640 3307 696 3344 non
713 3288 771 3342 satis
789 3286 825 3343 iel,
847 3284 919 3360 quod
937 3300 1014 3338 nota·
1044 3288 1112 3343 tuit:
1127 3304 1191 3343 eum
1207 3287 1283 3342 enim
1292 3287 1384 3341 Livius
1396 3284 1481 3341 etiam
1496 3287 1546 3345 de·

517 3386 589 3427 ram,
602 3366 852 3423 animadvertentes,
869 3360 1011 3418 &senten
1045 3364 1215 3420 scribendum
1233 3365 1345 3439 putavit.
1374 3366 1547 3448 Auguffln-

517 3448 585 3504 tiam
602 3461 689 3499 meam
708 3461 802 3514 pamm
821 3438 1014 3513 intellegentes,
1045 3442 1104 3518 quit
1121 3442 1163 3497 ille
1178 3441 1224 3498 lib.
1244 3442 1265 3497 l.
1286 3458 1345 3515 cap.
1368 3438 1547 3507 ria-lm.

517 3525 653 3601 vulgatam
669 3521 822 3577 lessionem,
841 3536 886 3571 me
901 3511 1013 3570 inscien-
1043 3518 1100 3575 lum
1124 3520 1177 3575 fine
1195 3518 1269 3573 nodo
1291 3518 1427 3574 adoneum
1446 3511 1548 3585 trium,

517 3615 546 3660 te
561 3605 588 3659 sle
605 3599 700 3657 inrito,
719 3596 800 3651 secuti
821 3592 892 3650 sunt.
931 3591 1014 3646 Nune
1045 3614 1122 3673 quem
1133 3596 1232 3652 lituum
1240 3593 1548 3670 appellaveruur.·‚Prae-

518 3682 603 3736 iitut
628 3675 769 3751 aliquando
796 3672 904 3728 tandem
929 3666 1016 3724 deleta
1047 3690 1117 3730 terea
1152 3673 1280 3729 Latinitas
1308 3671 1347 3729 est
1374 3670 1550 3747 elegantior,

520 3700 591 3813 got.
630 3754 781 3809 Lateranus.
1046 3769 1126 3827 quam
1155 3748 1226 3806 ferre
1256 3748 1322 3807 solet
1356 3746 1549 3818 Libnsiorum

558 3835 570 3889 Ι
574 3832 626 3887 bid.
640 3838 670 3886 la
685 3828 716 3903 ‹st
734 3844 874 3884 incurvum
883 3857 918 3873 ·-
927 3844 1016 3883 nomen
1047 3842 1139 3902 captus
1147 3851 1156 3892 5
1179 3839 1344 3903 quapropter
1358 3823 1392 3883 ab
1405 3826 1413 3880 i
1415 3829 1492 3907 psius
1503 3831 1549 3885 cl·

521 3909 649 3982 inuenit]
696 3913 767 3962 llaec
801 3904 879 3960 verba
914 3905 1017 3979 primus
1047 3909 1139 3961 ceronis
1172 3924 1254 3962 manu
1284 3903 1360 3961 fuisse
1395 3904 1550 3987 rpraefra&

520 3986 661 4042 Glossema«
669 3985 690 4037 is
713 3983 849 4038 damnavit
871 3982 941 4057 Jall.
959 3984 1015 4057 Lip·
1048 4002 1102 4038 non
1121 3984 1251 4059 negarim.
1289 3984 1442 4063 Uteunepte
1461 3982 1488 4040 se
1507 4000 1551 4040 ret

510 4063 576 4141 fius·
593 4068 655 4116 l'ar.
679 4064 753 4116 lesi.
777 4060 822 4115 lib.
844 4061 865 4114 l.
890 4078 948 4132 cap.
974 4077 1009 4113 20
1050 4059 1149 4122 habeat,
1173 4058 1227 4115 huc
1244 4057 1456 4122 faeitMaarobr'r'
1474 4060 1550 4117 locus

517 4144 646 4223 quoniam
664 4156 720 4195 nan
734 4135 823 4195 modo
843 4138 945 4199 Cicero,
972 4135 1015 4195 s'esl
1046 4139 1152 4195 Sarum.
1164 4136 1210 4194 lib.
1225 4154 1264 4194 vt.
1279 4153 1303 4195 c.
1318 4136 1346 4195 8.
1365 4136 1442 4215 Me
1457 4141 1550 4213 quaeri

604 4220 606 4226 '
1415 4215 1538 4277 animab
