3784 5084
374 548 457 648 ist
638 525 1240 619 nnorvrnrrrour-

436 704 555 787 quam
587 705 749 788 repertas
781 685 853 764 effe
876 683 1022 772 dixistis
1051 683 1181 764 furum
1206 684 1244 762 id
1268 681 1388 788 magis
1411 683 1468 766 ta:

439 802 546 876 stum
569 819 687 898 quam
709 798 886 874 Deorum
905 796 1065 873 videtur.
1106 798 1245 873 Simiae
1269 821 1362 875 vero
1382 802 1464 876 Do-

441 910 611 986 donaeae
641 909 914 1008 inprobitatem
943 905 1105 983 historiis
1139 907 1291 987 Graecis
1309 910 1466 988 manda-

441 1039 524 1098 tam
548 1019 618 1095 effe
642 1019 823 1095 demiror.
877 1017 984 1125 Quid
1007 1020 1136 1095 minus
1157 1021 1317 1109 mitum,
1347 1044 1468 1119 quam

443 1134 551 1207 illam
573 1123 952 1206 monstruosrffimam
975 1127 1129 1205 bestiam
1154 1153 1292 1206 urnam
1316 1131 1472 1208 evertis·

445 1241 497 1332 se,
525 1241 642 1316 sortes
665 1239 915 1340 dissupaviffe?
966 1239 1015 1314 Et
1036 1260 1178 1343 negant
1210 1240 1376 1319 historici
1399 1242 1473 1319 La·

446 1353 707 1429 eedaemoniis
730 1354 857 1429 ullum
888 1350 1084 1427 ostentum
1112 1350 1188 1429 hoc
1214 1353 1349 1428 tristius
1375 1356 1473 1432 acci·

446 1463 549 1541 disse.
606 1462 714 1539 Nam
736 1464 800 1538 illa
831 1461 1285 1563 praedidaVeientium,
1315 1457 1340 1538 fi
1369 1466 1473 1543 lacus

446 1572 622 1651 Albanus
649 1571 896 1656 redundaffet‚
937 1571 1043 1671 isque
1075 1576 1118 1649 in
1149 1595 1252 1649 mare
1290 1572 1474 1659 fluxisset.

448 1685 621 1763 Romam
647 1687 876 1786 periturams
929 1677 955 1757 st
981 1683 1160 1785 repreffus
1183 1682 1284 1764 effen
1320 1679 1473 1765 Veios:

462 1799 541 1872 ¹ita
575 1818 671 1897 aqua
696 1795 850 1871 Albana
883 1787 1046 1872 dedudia
1078 1794 1126 1871 ad
1159 1796 1363 1872 utilitatem
1391 1800 1473 1898 agri

452 1907 666 1987 suburbani,
679 1928 761 1982 non
776 1906 822 1981 ad
843 1927 968 1982 arcem
988 1905 1202 2005 urbemque
1217 1908 1472 1985 retinendam.

450 2020 507 2095 Ar
526 2020 641 2118 paulo
659 2016 740 2117 post
764 2015 892 2091 audita
907 2038 983 2092 vox
1003 2015 1053 2092 est
1075 2017 1282 2097 monentis,
1323 2037 1365 2094 ut
1384 2041 1475 2130 pro·

450 2128 624 2205 viderent
654 2149 706 2203 ne
733 2149 756 2201 a
783 2124 903 2204 Gallis
925 2127 1058 2204 Roma
1090 2145 1307 2229 capererur-z
1351 2154 1396 2207 ex
1423 2153 1477 2208 eo

450 2238 533 2315 Aio
565 2236 761 2339 Loquenti
782 2260 886 2313 aram
918 2241 961 2314 in
991 2260 1093 2315 nova
1116 2241 1177 2315 via
1199 2239 1475 2318 consecratam.

453 2350 558 2456 Qrid
586 2355 699 2451 ergo?
734 2348 867 2425 'Aius
902 2348 967 2427 iste
1000 2345 1203 2451 Loquens,
1238 2357 1358 2427 ³cum
1382 2361 1477 2430 euni

452 2485 575 2539 nemo
600 2479 723 2548 norat,
752 2464 790 2537 ὅ(
817 2460 939 2537 aiebat
962 2463 1001 2537 &
1022 2460 1263 2570 loquebatur,
1291 2465 1329 2539 ὅ(
1356 2486 1401 2539 ex
1425 2487 1476 2542 eo

453 2597 602 2649 nomen
618 2574 790 2649 invenit:
819 2570 1062 2673 posteaquam
1088 2576 1128 2649 dr
1150 2570 1278 2648 sedem
1304 2574 1342 2649 ὅ(
1365 2596 1473 2652 atam

454 2687 494 2760 δε
516 2704 665 2759 nomen
687 2683 848 2771 invenis,
877 2683 1101 2759 obmutuit?
1149 2680 1269 2789 Quod
1292 2679 1396 2760 idem
1419 2687 1477 2763 di·

453 2794 490 2869 ci
509 2794 558 2869 de
581 2791 748 2880 ¹Moneta
780 2792 920 2892 potest:
961 2814 983 2867 a
1008 2815 1096 2893 qua,
1125 2811 1402 2900 'praeterquam
1426 2797 1478 2875 de

393 2902 519 3000 „sue
539 2902 663 3005 piena.
690 2903 783 3001 quid
810 2924 998 3006 umquam
1019 2905 1165 2981 moniti
1186 2898 1337 2982 sumus?
1379 2905 1477 2986 Satis

1352 3019 1483 3097 multa

496 3188 571 3237 ritu
591 3198 665 3258 aqua
687 3178 795 3237 Albana
815 3171 950 3255 Aeduus]
977 3178 1090 3256 emissus,
1115 3178 1189 3255 lapsu
1217 3176 1252 3247 ό»
1279 3181 1354 3255 cursu
1369 3182 1418 3257 luo
1440 3183 1481 3241 ud

455 3258 572 3315 Videtur
583 3255 629 3313 hic
644 3256 741 3334 aliquid
756 3257 850 3315 decue,
874 3252 949 3312 fidi·
978 3276 1052 3313 mare
1072 3255 1235 3334 prffluxiffet,
1253 3260 1416 3331 pernitiosum
1431 3270 1479 3337 ps-

454 3333 570 3411 ligenter
580 3335 710 3391 attendas.
748 3331 899 3389 Lambinus.
977 3332 1037 3407 pulo
1049 3340 1181 3400 Romanor
1196 3330 1239 3408 fin
1257 3349 1350 3389 ausum
1365 3337 1404 3392 ita
1420 3338 1480 3415 effer

492 3411 559 3469 ibid.
567 3418 610 3468 Itu
623 3429 696 3487 aqua
709 3408 817 3467 Albana
829 3408 950 3479 deduiiu]
979 3410 1093 3473 edusius,
1105 3425 1138 3467 ut
1146 3412 1184 3466 ud
1195 3428 1270 3467 mure
1281 3415 1416 3487 pervenire
1429 3433 1480 3472 m

456 3490 528 3562 Ante
550 3507 629 3545 voces
651 3487 729 3547 hasce
746 3494 784 3543 D.
808 3484 951 3541 Lambinus
976 3486 1339 3567 posseusumsutusanmssrrs
1350 3488 1418 3566 fuss.
1436 3492 1480 3549 Ex

455 3566 608 3624 asteriscum
630 3564 730 3641 posuit,
754 3583 836 3641 quesn
851 3560 953 3619 sustulit
980 3584 1040 3638 Qro
1059 3564 1107 3621 illa
1122 3562 1286 3624 admirabiiis
1301 3583 1321 3619 u
1335 3566 1481 3646 mjsribm

456 3651 597 3705 Gruterus,
611 3642 684 3720 quod
701 3642 725 3698 ei
742 3640 870 3698 sententia
889 3637 954 3697 belle
981 3641 1103 3698 Albanus
1119 3659 1206 3718 aquus
1213 3639 1290 3718 faida
1308 3643 1421 3700 deinum
1436 3645 1479 3720 est.

457 3722 600 3779 cohaerere
620 3718 766 3777 videretur.
803 3720 840 3774 At
856 3716 897 3772 vir
913 3715 955 3773 iile
983 3722 1055 3775 Haec
1077 3720 1170 3776 omnia
1192 3720 1282 3794 paucis
1303 3718 1386 3777 refert
1406 3722 1482 3779 Mar·

457 3798 556 3856 doetus
575 3815 684 3854 mernor
698 3814 754 3852 non
775 3794 828 3854 fuit
846 3811 953 3855 eorum,
982 3813 1040 3852 cus:
1067 3793 1130 3859 rita,
1158 3796 1256 3874 inquit.
1278 3796 1408 3872 praediblu
1424 3804 1481 3855 Vei·

458 3893 525 3951 quae
539 3874 643 3930 dixerat
658 3875 779 3946 Quintus
793 3872 838 3929 lib.
853 3872 875 3925 1.
895 3887 953 3945 cap.
982 3875 1089 3933 emirum,
1107 3870 1137 3947 ſs
1153 3870 1226 3930 lucus
1241 3872 1363 3930 Albanus
1385 3873 1483 3933 sedun-

457 3969 507 4023 44.
523 3970 557 4006 ex
572 3952 632 4006 fatis
643 3954 717 4007 enim
732 3950 888 4006 Veientium
903 3964 956 4004 tra·
981 3948 1067 4024 daffet,
1086 3953 1152 4027 isque
1168 3951 1195 4004 s'u
1207 3949 1412 4028 murefluxffet,
1429 3959 1482 4009 Ro·

456 4028 498 4083 dir
512 4030 578 4083 Veios
593 4031 650 4101 cupi
662 4046 710 4082 usn
722 4030 791 4103 ροβε,
804 4029 867 4082 dum
882 4025 954 4080 lacus
981 4045 1054 4082 mum
1066 4027 1227 4103 perituram
1234 4023 1483 4106 finsepreffuseffss‚

324 4171 349 4220 ᾗ
455 4104 578 4177 Albutius
592 4106 765 4190 redundant:
783 4101 827 4173 (y,
839 4099 867 4179 fi
881 4104 953 4167 lucus
982 4107 1062 4162 Veios:
1084 4122 1224 4184 rruuqsut
1237 4102 1346 4170 Albana
1360 4105 1482 4244 unffi·
