3784 5084
721 462 891 559 'citu
950 472 1109 578 insu:
1380 476 1464 588 2⁸7⁴..

367 623 552 722 'sicinae
608 623 673 708 De
696 628 775 735 ipsa
801 647 937 708 atomo
961 627 1040 709 diei
1062 624 1196 733 potest,
1223 654 1312 710 eum
1338 658 1406 738 per

374 753 491 829 inane
514 757 717 822 moveatur
737 741 919 845 gravitate
944 743 984 817 &
1009 740 1193 844 pondere,
1222 738 1300 821 fine
1320 770 1405 824 cau-

374 862 412 939 sa
433 857 599 946 moveri,
626 856 717 956 quia
735 854 842 933 nulla
864 850 970 929 causa
984 852 1146 952 'accedat
1164 854 1402 936 extrinsecus.

373 968 518 1051 Rursus
531 985 675 1058 autem,
703 988 754 1042 ne
778 985 917 1057 omnes
940 984 962 1038 a
985 958 1145 1067 phyficis
1159 966 1406 1065 inrideamur,

374 1078 402 1161 si
423 1062 907 1177 dicamusquitquamfieti
926 1067 1005 1151 stne
1018 1073 1148 1163 causa3
1176 1076 1406 1181 distinguen-

375 1194 472 1273 dum
492 1186 556 1294 est,
586 1190 627 1265 δι
651 1186 703 1265 ita
721 1186 943 1269 dicendum,
971 1179 1081 1290 ipsius
1103 1185 1290 1267 individui
1304 1189 1405 1272 hanc

377 1301 452 1382 esse
474 1308 665 1392 naturam,
693 1315 736 1377 ut
759 1297 931 1403 pondere
948 1296 1177 1400 &gravitate
1189 1318 1407 1398 moveatur,

376 1413 542 1515 eamque
557 1408 678 1514 ipsam
696 1407 769 1487 esse
792 1407 956 1501 causam,
984 1431 1052 1486 cur
1068 1408 1122 1500 ita
1148 1407 1301 1489 seratur.
1348 1411 1409 1493 Si·

377 1525 525 1603 militer
557 1520 605 1599 ad
635 1521 858 1599 animorum
896 1536 1029 1597 motus
1064 1519 1301 1599 voluntarios
1322 1537 1410 1606 nou

377 1636 430 1715 est
451 1631 676 1736 requirenda
700 1648 855 1709 externa
881 1625 1015 1707 causa:
1045 1646 1177 1708 morus
1202 1633 1311 1709 enim
1335 1648 1409 1716 v0·.

378 1747 566 1828 iuntarius
589 1764 676 1821 eam
697 1759 872 1820 naturam
903 1742 977 1818 ²in
998 1740 1036 1819 se
1060 1738 1138 1847 ipse
1158 1744 1348 1837 continet,
1365 1754 1411 1825 ut

379 1854 489 1937 sitin
509 1852 633 1934 nostra
657 1851 854 1957 potestate,
883 1850 1074 1954 nobisque
1093 1871 1241 1955 pareat:
1269 1877 1342 1933 nec
1368 1846 1410 1937 id

379 1964 461 2047 sine
484 1972 617 2055 causat
644 1966 725 2061 eius
744 1966 851 2041 enim
875 1965 930 2041 rei
949 1962 1067 2046 causa,
1096 1962 1174 2065 ipsa
1197 1984 1329 2044 natura
1347 1968 1412 2046 est.

382 2073 503 2187 Quod
524 2097 614 2157 cum
643 2069 774 2167 itast,
801 2074 897 2176 quid
934 2073 1002 2165 est,
1028 2098 1097 2152 eur
1122 2098 1206 2153 non
1242 2079 1411 2159 *omnis
1519 2134 1521 2141 r

384 2189 652 2294 pronuntiatio
673 2203 737 2262 aut
758 2207 846 2265 vera
868 2203 933 2263 aut
958 2184 1048 2267 fassa
1078 2178 1136 2279 fit,
1163 2181 1237 2263 nisi
1254 2190 1408 2269 conces·

383 2301 544 2379 serimus
562 2298 645 2375 fato
675 2295 757 2374 fieri
778 2311 1043 2399 quaecumque
1072 2292 1190 2376 fiant?
1232 2302 1333 2405 Qia
1352 2299 1411 2377 fua

376 2429 469 2490 ⁴tuta
497 2432 599 2500 vera,
627 2410 767 2509 inquit,
807 2431 891 2485 nou
921 2408 1074 2510 possunt
1106 2409 1178 2484 esse
1219 2432 1275 2499 ea,
1312 2422 1411 2511 quae

384 2523 524 2616 causas,
552 2544 621 2601 cur
636 2520 763 2599 sutura
784 2513 868 2600 sint,
894 2542 979 2596 non
1014 2516 1181 2595 habent:
1208 2528 1231 2570 ⁴
1246 2519 1412 2600 habeant

385 2636 505 2736 igitur
528 2632 653 2711 causas
672 2628 817 2709 necesse
837 2628 913 2707 est:
942 2647 984 2706 ut
1009 2652 1063 2709 ea,
1090 2651 1188 2729 quae
1212 2654 1300 2709 vera
1314 2632 1413 2728 sunt,

389 2746 443 2822 ita
466 2766 556 2824 eum
580 2744 780 2823 evenerint
801 2738 882 2816 fato
908 2742 1116 2820 evenerint.
1175 2743 1413 2823 confestum
1430 2740 1481 2810 1²

388 2858 607 2958 negotium,
643 2849 672 2930 st
706 2852 867 2951 quidem
905 2853 1197 2935 eoncedendum
1225 2854 1310 2954 tibi
1345 2854 1409 2947 est,

394 2962 412 3019 s
431 2986 496 3046 aur
514 2966 598 3044 fato
614 2966 748 3042 omnia
768 2960 872 3051 fieti5
902 2982 966 3040 aut
987 2966 1193 3063 quicquam
1208 2963 1287 3044 fieti
1309 2968 1413 3069 posse

389 3071 471 3157 fine
509 3076 627 3158 causa.
691 3072 761 3151 An
805 3073 1042 3152 aiitetrhaec
1079 3078 1413 3166 enuntiationem

1339 3188 1412 3267 esse

390 3372 420 3429 in
432 3370 459 3444 [e
471 3369 533 3448 ipso:
555 3372 647 3429 minut
659 3366 803 3444 eleganter.
822 3384 887 3424 cone
914 3386 982 3428 vera
1002 3369 1083 3447 stant:
1107 3369 1157 3433 ira,
1188 3388 1248 3429 cum
1270 3375 1412 3438 evenerint.

389 3452 485 3525 treqm
516 3464 580 3506 uam
591 3446 689 3523 jubent
702 3443 799 3503 essens.
816 3447 889 3523 Reg.
906 3445 1113 3521 satoev'enient3
1133 3464 1217 3521 prout
1230 3454 1332 3528 Reg.&
1343 3454 1419 3509 Ca'n

390 3523 488 3602 aliique
564 3522 627 3581 icen.
664 3525 745 3581 uem·
915 3522 970 3579 tab.
1004 3522 1102 3583 diserte
1130 3526 1335 3600 repraesentant.
1363 3529 1413 3591 ri'ifi

429 3620 443 3677 3
464 3605 555 3660 omis
571 3600 771 3678 pronuntiatio]
790 3592 887 3656 Forsan
915 3599 989 3679 quod
1005 3600 1033 3657 in
1048 3602 1079 3657 iis
1095 3603 1136 3663 sit,
1153 3603 1187 3670 ό·
1204 3606 1253 3661 ira.
1292 3605 1384 3662 Idem..

385 3679 470 3736 omnis
488 3678 647 3735 enuntiarit:
674 3677 711 3736 fic
732 3675 805 3733 enirn
824 3676 885 3736 Tus·
953 3695 971 3751 5
992 3684 1053 3734 Aur
1067 3678 1129 3756 fato
1146 3682 1243 3742 omnia,
1267 3699 1334 3757 quae
1350 3699 1415 3741 eau-

387 3753 440 3812 sius
453 3754 515 3813 tlibi
528 3755 658 3834 loquitur.
694 3753 774 3811 susem.
915 3752 955 3830 saa
966 3752 1078 3811 habeant
1093 3773 1143 3813 cur
1158 3755 1231 3817 fiant,
1246 3758 1322 3832 fieri]
1339 3764 1412 3818 Haec
1425 3792 1428 3796 ·

424 3850 446 3905 4
461 3831 585 3889 Habeam
600 3855 635 3879 a-
643 3830 705 3908 fato
727 3828 889 3910 evenerint]
915 3831 1026 3902 aberant
1043 3851 1058 3889 a
1077 3832 1154 3890 libris
1170 3831 1293 3911 vulgatis.
1332 3839 1413 3895 Liv-

389 3908 467 3966 Adeo
480 3909 606 3985 perplexa
619 3911 658 3966 est
671 3907 767 3971 oratio,
783 3910 884 3965 urexi·
914 3908 973 3967 inv.
1004 3912 1046 3966 'Ea
1070 3910 1201 3967 nimirum
1229 3930 1263 3970 ex
1292 3914 1412 3991 ingenio.

388 3987 450 4042 ium
465 3987 651 4055 *ininveniar-
749 3981 885 4041 vebum
915 3986 958 4043 sed
974 3984 1070 4062 absque
1089 3985 1199 4054 sontica,
1213 3994 1338 4048 Ciceronis
1354 4006 1415 4048 vet·¹

387 4062 583 4144 nitur-raupa,
598 4062 687 4142 mcrffr
705 4078 753 4143 err
768 4079 799 4135 ea
818 4074 885 4140 qnae
914 4061 1318 4136 birimmiscuerat'virdosiur.
1336 4075 1416 4125 Dav:

1299 4142 1425 4233 siff
