3784 5084
401 570 492 681 3396
810 544 1270 647 DEFATO'

368 727 371 733 ’
478 729 534 803 vis
557 723 607 803 esi
631 723 805 825 ratioque
829 725 1159 806 enuntiationum,
1186 744 1283 825 quae
1305 722 1440 805 Graeci
1467 722 1507 806 ri:

478 834 644 940 ξιῶματω
666 831 827 913 vocarit:
856 857 954 935 quae
974 833 1021 909 de
1042 859 1083 910 re
1103 835 1230 913 futura
1251 860 1341 915 cum
1364 842 1506 941 aliquid

479 949 627 1029 dicunt,
653 947 777 1055 deque
797 939 849 1022 ¹eo
862 945 974 1046 quod
995 940 1111 1045 possit
1131 944 1213 1024 fieti
1232 964 1400 1027 autnon
1422 951 1504 1053 pos-

477 1055 550 1147 sit,
601 1081 718 1159 quarn
742 1061 824 1135 vim
849 1055 1027 1146 habeant,
1068 1058 1227 1135 obscura
1250 1060 1419 1159 quaestio
1443 1063 1506 1144 est,

484 1170 498 1241 .¹
518 1193 636 1270 quam
658 1158 738 1254 offis
757 1170 896 1248 marii
919 1165 1138 1271 philosophi
1162 1173 1376 1272 appellant:
1411 1176 1507 1250 ²to·

476 1300 591 1381 taque
610 1281 659 1357 est
682 1282 829 1382 logice3
867 1302 984 1379 quam
1007 1283 1199 1357 rationem
1218 1280 1419 1359 disserendi
1439 1306 1505 1361 vo

477 1417 539 1470 co.
600 1402 614 1449 ³
635 1393 754 1499 Quod
778 1411 907 1468 autem
930 1393 972 1467 in
993 1391 1072 1467 aliia
1099 1393 1203 1469 libris
1225 1392 1299 1469 seci
1322 1396 1391 1493 qui
1414 1393 1502 1470 sunt

436 1528 438 1530 ·
476 1507 682 1584 denatura
707 1506 894 1593 Deorum,
923 1504 1097 1601 itemque
1126 1505 1166 1578 in
1192 1506 1236 1581 iis
1258 1528 1355 1603 quos
1382 1504 1431 1581 dc
1451 1506 1507 1600 din

478 1619 677 1698 ,vinationc
699 1615 816 1707 edidi,
846 1624 888 1690 ut
911 1615 953 1690 in
982 1631 1350 1716 utramquepartem
1376 1614 1507 1717 perpe?-

477 1746 543 1828 tua
569 1728 817 1830 explicaretur
841 1727 980 1816 oratio,
1021 1748 1102 1824 quo
1134 1724 1279 1802 facilius
1306 1726 1346 1802 id
1367 1748 1388 1800 a
1408 1738 1507 1826 quo*-

475 1862 554 1938 que
578 1839 811 1938 probaretur,
836 1835 943 1935 quod
964 1836 1102 1933 cuique
1126 1858 1306 1914 maxume
1331 1838 1505 1939 probabi-

475 1951 514 2025 le
537 1950 750 2034 videretur3
788 1949 826 2023 id
849 1952 889 2021 ln
915 1947 985 2023 hac
1005 1946 1259 2046 disputatione
1278 1949 1327 2025 de
1347 1948 1431 2025 sato
1449 1971 1507 2024 ca,

475 2058 534 2153 sus
558 2060 715 2164 quidam
740 2082 790 2134 ne
823 2058 988 2135 facerem
1024 2058 1220 2160 inpedivit.
1279 2061 1388 2137 Nant
1414 2084 1508 2139 cum

476 2169 592 2272 effem
615 2172 657 2247 in
681 2171 909 2261 Puteolano,
948 2168 1169 2267 Hirtiusque
1204 2171 1340 2259 noster,
1371 2172 1527 2247 consule

476 2277 699 2384 defignatus,
738 2276 861 2358 isdem
895 2284 936 2359 in
962 2281 1070 2369 locis,
1111 2282 1167 2356 vir
1190 2282 1302 2359 nobis
1329 2276 1526 2385 amiciffi·‘

459 2417 576 2498 ptus,
606 2398 645 2473 dc
666 2398 710 2471 iis
729 2394 868 2476 studiis,
896 2396 937 2472 in
963 2391 1101 2491 quibus
1124 2414 1196 2469 nos
1220 2415 1239 2469 a
1267 2395 1429 2499 pueritia
1456 2396 1510 2469 vi·

1366 2528 1508 2600 ximus,

456 2761 459 2766 ῃ
475 2686 583 2764 semper
601 2687 706 2761 dicere,
732 2689 802 2766 quod
822 2690 933 2763 oportuit
948 2710 971 2745 o·
1005 2704 1190 2766 praeterquam
1205 2686 1277 2765 quod
1292 2687 1437 2765 egregium
1452 2688 1507 2767 sig-

465 2765 594 2841 stendr'ffe5
621 2784 685 2821 curn
703 2764 973 2823 Problematibusex·
1004 2768 1143 2825 nificatunr
1173 2766 1270 2826 haber,
1301 2780 1332 2822 ut
1360 2766 1405 2821 vix
1433 2767 1510 2823 credi

496 2841 580 2897 licaris
603 2842 753 2915 subjiciant,
781 2845 850 2920 qaod
864 2846 975 2917 oportuit
1008 2846 1086 2921 poffit
1105 2856 1225 2900 erratum
1240 2842 1291 2898 effe
1306 2840 1438 2899 Librarii:
1455 2843 1510 2905 sed,

467 2862 568 2998 iciffiu·
596 2925 622 2978 dr
646 2921 674 2974 in
688 2918 743 2976 hoc
764 2922 883 2976 maxime
896 2919 974 2976 diffe·
1005 2938 1034 2980 ut
1050 2918 1173 2985 arbitror,
1195 2921 1298 2977 novitas
1322 2919 1404 2995 hujus
1424 2923 1510 2985 vocis,

471 3012 537 3053 rant
546 2996 713 3053 theoremata
728 3015 743 3053 a
757 2995 977 3073 problematibus,
1006 3005 1032 3058 δε
1050 3002 1090 3057 rei
1106 2998 1272 3074 rationisque
1294 2996 1374 3074 ipfius
1398 2996 1511 3075 ignora7

474 3073 550 3150 quod
568 3075 597 3129 iri
613 3074 827 3132 theorematibus
839 3077 907 3132 ratio
917 3089 975 3133 tan·
1004 3079 1045 3134 tio
1060 3075 1167 3137 induxit
1180 3076 1295 3153 aliquem
1314 3077 1511 3136 recentiorum,

474 3166 537 3223 turn
563 3152 639 3208 reddi
662 3151 770 3218 debeat,
793 3156 842 3209 cur
865 3154 906 3209 ita
926 3154 976 3214 sit,
1005 3167 1036 3212 ut
1054 3172 1114 3211 eam
1129 3152 1238 3214 deleret,
1259 3157 1286 3211 bc
1299 3150 1377 3215 banc,
1396 3154 1511 3229 quaein

462 3246 540 3307 'eum
551 3228 601 3285 srnt
617 3228 657 3286 illa
668 3229 727 3304 jam
746 3235 910 3307 percepta&
920 3230 975 3305 spe·
1006 3230 1134 3289 omnibus
1149 3248 1223 3287 nunc
1239 3228 1371 3304 impressis
1391 3228 1514 3287 inolere&

476 3307 563 3369 ἅπας
592 3305 686 3363 inillis
703 3322 794 3364 autem
812 3308 978 3367 fabricandae
1007 3324 1057 3371 rat,
1077 3306 1113 3365 re'
1145 3321 1230 3364 neret.
1266 3307 1398 3362 lidorius.

475 3383 528 3440 lint
542 3381 745 3460 descriptiones.
783 3385 832 3441 Sed
856 3385 906 3443 hae
920 3405 976 3442 non
1023 3394 1062 3442 “2
1080 3326 1165 3467 {siit
1180 3382 1320 3465 pertinet]
1345 3387 1378 3442 In
1396 3385 1513 3461 Reg.&

477 3458 539 3518 sunt
556 3460 637 3537 hujus
650 3462 783 3538 temporis
798 3464 978 3541 quaestiones:
1008 3464 1121 3521 Cantab.
1144 3464 1179 3520 fic
1200 3462 1297 3538 incipit
1317 3460 1377 3519 hoc'
1391 3458 1453 3517 libri
1477 3460 1517 3519 de-

474 3540 523 3617 qui
542 3553 633 3597 tamen
653 3540 718 3597 haec
734 3538 801 3595 seire
817 3542 903 3616 eupit,
918 3546 980 3597 Pro·
1008 3540 1065 3599 fato
1079 3540 1198 3599 lacerum
1216 3539 1418 3618 fragmentum:
1444 3537 1515 3616 quoti

468 3614 548 3687 *edum
572 3620 690 3694 Lycium
711 3617 786 3674 adeat
810 3617 980 3695 diligentiffi·
1007 3638 1026 3675 a
1050 3620 1156 3676 Graecis
1181 3617 1246 3690 logos
1274 3618 1379 3679 dcitur,
1405 3613 1512 3685 ambit

475 3712 556 3751 mum
573 3697 684 3752 Euclidr's
702 3697 895 3770 interpretcm3
912 3695 979 3752 haec
1009 3700 1077 3765 ratio
1093 3700 1257 3760 nominatum
1284 3697 1374 3767 Logice
1390 3712 1453 3749 vero
1466 3711 1515 3749 ra·

476 3774 552 3850 enim
568 3771 610 3828 ille
626 3772 735 3849 copiose
754 3776 781 3830 &
798 3773 904 3829 erudite
926 3786 983 3829 tra·
1009 3776 1045 3830 tio
1059 3772 1197 3849 differenti.
1265 3779 1311 3828 uia
1327 3792 1390 3827 vero
1402 3772 1515 3847 pertinet

477 3849 543 3904 diat.
581 3852 731 3925 Quomodo
751 3865 843 3906 autem
861 3861 982 3926 praecep·
1010 3852 1048 3907 ad
1061 3870 1142 3907 mores
1158 3856 1212 3910 dcc.
1239 3851 1241 3855 ’
1275 3847 1515 3924 bineptienteLi·

476 3941 507 3982 ta
532 3926 692 3998 bedensem
718 3926 796 3985 reddi
824 3930 982 4003 potuerint,
1011 3927 1110 3988 brario,
1127 3948 1184 3985 non
1202 3930 1358 3987 aCicerone,
1377 3925 1513 4001 profluxit

414 4061 418 4068 ,
475 4002 580 4062 neseio:
609 4004 653 4062 sed
676 4006 731 4064 hoe
754 4019 810 4061 tarn
833 4005 927 4063 multis
942 4004 985 4063 lo·
1013 4005 1239 4064 additamentum.
1281 4006 1392 4061 Davies.

476 4077 516 4138 cis
539 4083 566 4138 in
580 4082 685 4158 ¹priscis
708 4083 907 4157 exemplaribus
931 4102 982 4139 no·
1053 4103 1066 4160 3
1079 4082 1160 4163 Qus
1176 4077 1249 4162 ibor]
1265 4082 1359 4160 Vulgo
1373 4079 1442 4160 quod
1453 4071 1517 4145 iias.

478 4163 544 4227 vtuen
559 4154 604 4225 est
613 4160 719 4238 semper
736 4162 810 4221 redte
835 4160 986 4238 seriptum,
1016 4161 1078 4226 Alii,
1094 4180 1156 4241 quos
1172 4158 1234 4225 lar.
1266 4162 1329 4221 Nos
1344 4174 1436 4222 autem
1453 4157 1517 4293 3311

451 4238 589 4272 renuat,
793 4258 795 4260 »
1279 4250 1282 4257 ·
1370 4250 1372 4254 >
1465 4236 1511 4291 ὀ
