3784 5084
401 548 485 662 με
682 543 761 626 on
797 542 1284 631 nrvmarroue

460 706 580 798 libris,
603 724 660 795 ut,
688 704 781 803 quid
806 724 826 777 a
845 725 1002 802 quoque
1026 707 1063 781 δι
1086 705 1180 804 quid
1203 725 1335 784 contra
1355 707 1494 811 queml

462 844 539 920 que
579 814 851 919 philosophum
891 815 1103 906 diceretur,
1144 820 1317 919 intellegi
1356 826 1489 923 pollet.

461 930 651 1012 Totidem
676 925 862 1003 subsecuti
886 924 974 1000 libri
1002 928 1305 1007 Tusculanarum
1326 929 1491 1035 disputa·

461 1046 639 1130 tionum,
679 1061 734 1114 res
759 1036 805 1115 ad
841 1036 947 1113 beate
974 1038 1182 1115 vivendum
1209 1061 1390 1121 maxume
1424 1069 1490 1122 ne·

463 1155 625 1233 cellirias
651 1166 903 1250 aperuerunt:
953 1150 1097 1249 primus
1122 1151 1228 1228 eninr
1255 1152 1304 1230 est
1326 1153 1374 1231 de
1399 1179 1492 1233 con·

461 1263 672 1342 temnenda
686 1280 834 1345 morte3
851 1260 1048 1335 secundus·
1061 1260 1109 1336 de
1122 1262 1325 1341 tolerando
1338 1265 1500 1357 dolore3

460 1377 510 1454 de
531 1373 766 1475 aegritudine
787 1371 965 1448 lenienda
988 1371 1143 1459 tertius3
1180 1392 1334 1473 quartus
1358 1377 1410 1453 de
1431 1400 1489 1455 re·

460 1487 574 1587 liquis
596 1486 713 1562 animi
735 1482 1102 1583 perturbationibus3
1142 1486 1298 1582 quintus
1320 1510 1412 1564 eum
1433 1489 1492 1565 lo·

460 1621 553 1675 eum
590 1596 815 1697 complexus
850 1592 899 1669 est
941 1594 1009 1691 qui
1045 1611 1184 1685 totam·
1205 1595 1492 1700 philosophiam

460 1732 642 1787 maxume
665 1705 857 1784 inlustrat:
888 1703 1002 1781 docet
1025 1707 1145 1794 enim,
1166 1707 1213 1782 ad
1239 1704 1346 1786 beate
1361 1710 1492 1787 viren-

461 1821 557 1898 dum
579 1823 760 1896 virtutem
792 1815 829 1891 se
861 1815 936 1914 ipsa
962 1812 1033 1890 elle
1058 1833 1296 1896 contentam.
1362 1821 1375 1861 ¹
1396 1823 1492 1927 Qui·

463 1934 533 2011 bus
558 1929 662 2007 libris
692 1927 820 2015 editis,
859 1944 933 2001 tres
958 1925 1047 2004 libri
1073 1927 1226 2026 perfedi
1250 1927 1408 2008 sunt‘de
1428 1951 1495 2010 na·-

464 2062 549 2119 tuta
573 2042 765 2129 Deorum,
792 2039 835 2113 in
855 2035 995 2135 quibus
1020 2041 1149 2115 omnis
1175 2041 1253 2134 ejus
1280 2040 1356 2120 loci
1378 2063 1494 2142 quae·

458 2152 531 2231 iiio
554 2152 800 2235 contineturt
838 2170 935 2247 quae
959 2167 1001 2224 ut
1024 2149 1145 2252 plene
1166 2149 1253 2227 elset
1278 2155 1494 2232 cumulate·

460 2288 536 2363 que
563 2261 738 2365 perfetta,
764 2261 813 2337 de
826 2258 1080 2338 Divinatione
1105 2255 1257 2364 ingreffi
1284 2262 1412 2340 sumus
1433 2264 1494 2342 his

461 2376 569 2453 libris
592 2374 773 2460 scribere3
802 2371 941 2472 quibus
973 2367 1031 2465 (ut
1052 2371 1100 2448 eli
1127 2374 1339 2477 inanimo)
1370 2375 1417 2452 de
1440 2374 1494 2453 fa·

461 2506 509 2563 to
544 2482 567 2560 st
601 2485 897 2582 adiunxerimus,
936 2484 1009 2559 etit
1043 2484 1193 2561 abunde
1220 2493 1234 2525 ⁸
1266 2484 1494 2564 larissaeum

459 2600 536 2674 toti
561 2596 649 2675 huic
672 2594 892 2696 quaestioni.
948 2591 1081 2693 Atque
1104 2594 1161 2672 his
1183 2598 1286 2673 libris
1308 2598 1493 2676 adnume-

462 2709 572 2785 randi
593 2709 678 2784 sunt
698 2708 758 2783 sex
786 2706 835 2781 de
861 2706 1084 2806 Republica,
1113 2730 1210 2805 quos
1231 2728 1326 2787 tunc
1351 2702 1494 2810 scripsi·

463 2841 550 2902 mus
584 2840 674 2894 cum
704 2817 958 2917 gubernacula
985 2818 1213 2918 reipublicae
1244 2821 1493 2898 tenebamus:

462 2951 624 3029 magnus
647 2930 753 3004 loeus
772 2924 1111 3027 philosophiaeque
1135 2932 1326 3031 proprius,
1365 2952 1387 3005 a
1411 2932 1495 3034 Pla·

462 3061 570 3120 tone.
599 3038 819 3128 Aristotele,
848 3035 1125 3137 Theophrasto,
1153 3060 1313 3141 totaque
1342 3043 1494 3144 Peripa·

464 3153 672 3232 tetieorum
714 3150 859 3232 familia
893 3150 1069 3228 tradatur
1113 3151 1316 3231 uberrime.
1386 3153 1495 3230 Nam

509 3389 521 3427 1
584 3365 659 3424 tribus
673 3365 748 3425 libris
762 3367 850 3439 editis]
873 3365 983 3443 Vulgo!
994 3368 1056 3424 teris
1072 3381 1163 3427 aurem
1180 3329 1298 3427 inultum
1311 3339 1390 3427 illm
1398 3265 1496 3450 wi?

462 3447 561 3535 {uibus
589 3446 668 3535 rebus
695 3445 777 3505 editis.
820 3446 871 3502 Sed
896 3444 967 3535 mihi
997 3459 1089 3502 ruram
1101 3459 1183 3537 pute:
1204 3446 1323 3537 alioquin
1340 3450 1417 3508 enim
1432 3450 1498 3507 viti·

469 3524 619 3604 requendus
637 3521 745 3580 vrdetur
769 3520 842 3578 Med.
867 3539 915 3600 qut
932 3522 969 3583 fic
995 3522 1197 3582 chester-ano.
1234 3523 1496 3603 Altbtquoquecon·

461 3605 558 3663 datur
571 3602 715 3661 edidimus.
752 3602 865 3657 Davies.
997 3600 1070 3658 fusae
1084 3600 1146 3658 sunt
1160 3620 1175 3667 a
1198 3600 1324 3659 Librariis
1345 3600 1396 3661 lue
1410 3622 1496 3662 vocu-

509 3701 525 3737 2
546 3679 714 3757 satisfailum
727 3677 795 3758 terr]
815 3675 893 3733 Paris.
900 3678 967 3753 fiatis
994 3678 1044 3744 lae,
1083 3681 1126 3737 Sic
1142 3678 1213 3755 apud
1225 3679 1347 3738 nostrum
1362 3680 1398 3739 de
1412 3681 1498 3746 Offic,

469 3772 556 3815 rorum
564 3759 641 3835 sarii.
683 3759 756 3832 Lege
773 3756 839 3832 fieris
858 3758 906 3811 toti
920 3755 968 3832 fa·
995 3754 1041 3814 lib.
1066 3757 1090 3814 1.
1110 3775 1168 3832 cap.
1183 3774 1211 3830 Α,
1253 3759 1377 3833 Principio
1407 3759 1497 3833 generi

468 3836 613 3891 dumbuic
627 3834 772 3912 quaestioni.
811 3831 898 3889 Idem.
995 3837 1173 3895 animantium
1202 3833 1326 3909 omnies]
1353 3853 1372 3891 a
1394 3848 1496 3893 natura

508 3932 521 3988 3
542 3917 640 4000 §eteris
661 3914 726 4001 item
742 3906 967 4043 multumipCum
996 3911 1137 3976 tributum,
1154 3924 1189 3973 ur
1198 3912 1236 3985 se,
1253 3915 1351 3978 viram,
1360 3920 1497 3990 corpusque

471 3990 593 4071 hiperrus
606 3988 713 4053 dixerit,
739 4008 807 4065 quae
828 4006 855 4043 m
884 4006 967 4064 aqut·
996 3993 1346 4054 tueatur—Commune
1359 4004 1451 4048 autem
1463 4008 1500 4046 a-

470 4069 529 4137 dem
549 4062 595 4141 ἱρῇ
602 4063 667 4138 fimo
688 4065 854 4142 aliquantum
882 4066 967 4121 mede·
996 4068 1156 4123 nimanrium
1168 4068 1284 4125 omnium
1297 4064 1329 4140 est
1342 4070 1496 4147 conjualiio·

471 4162 526 4222 aar,
546 4144 592 4216 hie
607 4142 725 4213 omuino
746 4141 903 4238 legendum,
927 4163 967 4210 ,ce-
996 4147 1034 4211 nis
1049 4146 1187 4236 appetitus.
1227 4146 1383 4226 Leg.irrm;
1405 4160 1497 4232 reste·

1065 4261 1068 4269 ·
1437 4236 1498 4292 nin)
