3784 5084
412 516 833 655 εἴῘιιΕΙοιΙΙοιΙιέ
858 530 1020 608 Librum
1048 528 1123 606 Da
1152 530 1300 609 Fam
1360 555 1429 640 323

412 686 633 749 ‘enunciationem
655 701 746 741 veram
764 696 813 743 aut·
826 681 916 740 falsam
935 681 995 745 effe,
1011 681 1084 761 sequi
1100 685 1173 740 enim
1190 701 1223 740 ex
1239 703 1273 740 eo
1288 687 1378 745 censet
1395 689 1433 745 fa·

411 783 473 825 tum
490 764 550 822 eisc:
572 780 637 820 cum
652 760 679 817 id
690 780 725 819 ex
741 756 964 819 contradidlionis
984 762 1020 820 vi,
1037 780 1092 817 non
1109 762 1148 817 rei
1163 776 1255 817 natura
1270 780 1376 822 certum
1391 768 1437 826 lit.

448 844 499 900 Sed
514 837 657 975 Epicurus]
675 840 786 897 Motum
801 836 987 896 declinationis
1001 840 1166 914 excogitavit
1183 839 1323 912 Epicurus,
1339 858 1370 899 ut
1383 861 1433 900 vo-

410 918 521 979 luntatis
546 917 687 975 ibertatem
703 918 838 979 retineret,
865 933 909 975 ne,
932 914 1003 972 siin
1018 934 1137 988 pronum
1153 916 1258 990 semper
1280 916 1430 977 laberentur

408 998 497 1054 atomi
510 994 653 1053 necessario
667 997 695 1052 &
711 992 822 1052 naturali
838 1007 927 1058 motu,
943 988 1000 1050 fato
1015 992 1109 1049 fierent
1123 995 1229 1050 omnia:
1255 1011 1327 1051 nunc
1353 999 1429 1054 euim

409 1088 475 1133 cum
491 1075 597 1131 incerto
609 1069 698 1147 spacio
713 1074 740 1128 δι
756 1070 867 1147 regione
877 1066 1025 1129 declinent,
1041 1087 1075 1125 ex
1089 1088 1124 1128 eo
1135 1071 1262 1131 efficitur,
1288 1087 1328 1144 ut,
1344 1092 1430 1151 quan·

409 1153 553 1229 docunque
568 1148 705 1208 volumus,
721 1147 799 1205 uobis
812 1148 904 1204 omnis
917 1144 1094 1221 susceptio&
1108 1150 1193 1205 animi
1209 1147 1332 1205 inductio
1346 1150 1428 1209 libera

409 1231 440 1288 srt
452 1235 481 1289 δι
493 1227 650 1286 voluntaria.

445 1308 546 1363 Tertius
562 1304 671 1381 quidam
685 1303 785 1375 merus]
802 1305 871 1359 Tres
886 1300 985 1359 atomis
1000 1311 1092 1358 mutus
1108 1301 1250 1377 Epicurus.
1277 1316 1309 1359 ut
1325 1302 1443 1373 Plarasa,

408 1382 584 1445 chusscribir,
603 1381 712 1439 tribuit:
728 1398 814 1437 uuum
827 1376 900 1434 neele
913 1373 1030 1451 dupio.
1048 1378 1127 1435 idest
1139 1378 1174 1435 ad
1187 1378 1298 1436 lineam:
1314 1380 1435 1450 alterum,

407 1458 482 1535 esuris
498 1457 664 1534 messuitur,
688 1457 770 1517 idest
790 1462 838 1532 pet
859 1456 1083 1515 declinationem:
1106 1456 1219 1513 tertium
1235 1456 1305 1513 aurei
1325 1460 1429 1524 πληγὴν,

408 1538 438 1597 id
452 1538 489 1595 est
503 1556 537 1595 ex
552 1537 636 1613 plaga.
673 1535 717 1593 A'd
731 1533 828 1591 lineam
844 1549 990 1593 moventur
1011 1531 1138 1590 deorsum
1161 1552 1207 1608 pcr
1223 1534 1300 1592 inane
1314 1537 1430 1612 prosun-

408 1616 493 1673 dum:
513 1633 562 1690 per
574 1614 794 1678 declinationem,
812 1630 877 1670 cum
894 1613 1045 1670 minimum
1060 1610 1201 1673 declinant,
1221 1613 1430 1687 utcomplexio·

407 1712 464 1756 nes,
484 1691 666 1767 copulationes
684 1694 712 1750 dc
731 1687 900 1748 adhaesiones
912 1697 1073 1747 atomorum
1087 1686 1167 1753 {lautu
1191 1702 1252 1742 nam
1270 1689 1429 1747 fiomnese

406 1770 520 1846 regione
534 1781 719 1831 morerentur,
737 1765 808 1829 nulla
821 1765 929 1824 alteram
944 1768 1099 1843 attingeret:
1129 1783 1163 1821 ex
1179 1762 1263 1841 plaga,
1282 1784 1347 1822 cum
1363 1785 1428 1843 pros

406 1848 469 1921 pter
483 1845 646 1904 soliditatem
661 1862 695 1902 ex
712 1842 845 1901 couflistu
857 1842 992 1906 resultant.
1028 1845 1164 1901 Lueretius
1181 1839 1247 1919 [lib.
1263 1844 1299 1906 Il,
1315 1844 1377 1917 83.]

480 1932 541 1981 Aru
552 1921 693 1997 gravitate
700 1922 754 1996 suu
765 1921 835 1998 ferri
847 1921 989 1997 primoum
1004 1938 1103 1983 rerum,

454 2024 457 2029 ·
478 2010 540 2070 Aret
554 1998 685 2075 iduferre
698 1997 818 2061 ulterius,
833 2016 896 2056 num
913 2001 966 2055 citu
973 2000 1082 2075 steperne

405 2127 409 2132 .
482 2077 572 2145 obvie
584 2095 646 2133 eum
652 2074 759 2152 flixere,
772 2074 808 2148 fis
821 2091 854 2133 ur
871 2077 973 2151 diverse
988 2089 1089 2152 repente

479 2154 626 2228 Difflliuntr
644 2173 725 2229 neque
743 2156 811 2209 enim
825 2155 934 2215 mirum,
950 2152 1080 2226 durifflmu
1096 2161 1164 2233 quue'
1175 2151 1231 2227 ssm

450 2303 452 2308 Α
479 2230 632 2290 Ponderibus
643 2230 739 2305 stelidir,
761 2248 842 2306 neque
858 2233 1001 2318 pruisquam
1014 2250 1033 2287 u
1048 2231 1163 2306 tergibus
1178 2230 1265 2303 obstet.

442 2310 558 2381 Pondus]
584 2311 678 2367 Omne
698 2325 797 2381 corpus
819 2309 939 2384 Epicuro
956 2324 1038 2382 graue
1061 2310 1108 2376 est,
1131 2306 1314 2384 deorsumque
1335 2301 1430 2370 sertui,

403 2387 489 2453 &iam
502 2387 583 2465 ignis
617 2386 753 2442 Lueretius
769 2378 836 2460 [lib.
850 2380 888 2444 ΙΙ,
906 2384 991 2459 ι3ς.]
1216 2405 1220 2414 ·

548 2477 699 2510 ..·.....·.·.·..
707 2459 811 2518 nullum
828 2480 884 2517 rem
899 2461 1018 2538 peffesuu
1035 2465 1065 2518 vi

478 2548 634 2615 Corporeum
639 2540 744 2615 seersum
752 2537 814 2612 fieri
821 2538 977 2615 fhrsumque
992 2546 1089 2598 meere.

456 2680 462 2686 ,
479 2626 521 2675 Ne
535 2616 582 2673 ribi
598 2617 667 2678 dent,
683 2619 768 2681 simeo,
825 2630 961 2672 menarum
979 2629 1080 2693 corpere
1089 2614 1225 2694 fraudem,
1242 2619 1295 2675 dcc.

448 2696 581 2768 Minime]
592 2694 676 2753 Libro
691 2696 713 2750 l·
728 2693 762 2750 de
796 2693 835 2750 in.
853 2694 892 2768 [c.
907 2696 949 2767 6.]
963 2693 1132 2770 Perpuulum,
1147 2714 1197 2772 quo
1207 2691 1273 2749 nihil
1284 2689 1358 2769 poffit
1368 2688 1433 2763 fieri

405 2772 503 2831 minui.
539 2777 654 2831 Tamum
666 2771 735 2849 quod
746 2784 847 2827 momen
867 2783 1007 2827 muratum
1028 2772 1110 2829 elicere
1125 2774 1201 2847 poffls,
1237 2771 1374 2826 Lucretius
1387 2769 1430 2824 di-

405 2852 457 2908 iit.
495 2852 544 2911 lca,
566 2863 597 2907 ut
614 2848 724 2924 opinor,
740 2846 856 2922 speravit
870 2846 897 2905 se
914 2850 1063 2906 vitaturum
1079 2848 1314 2925 reprehensionem
1330 2846 1431 2921 Epiru³

404 2927 499 2992 rus,li
519 2925 638 3001 pusillam
661 2924 870 2983 declinationem
892 2925 1155 2990 comminisceretur,
1179 2929 1205 2983 ὃ(
1226 2935 1354 3002 tanquam
1370 2923 1430 2995 'pro'

406 3001 457 3060 suo
468 3004 531 3081 jure
542 3004 675 3062 sumeret.
713 3006 803 3080 anue
815 3000 891 3060 causa
904 3002 968 3066 fuit,
987 3021 1035 3060 cur
1057 3006 1116 3080 ejus
1130 3002 1245 3060 verbum
1261 3013 1374 3077 poneret
1385 3000 1430 3054 Ci-

405 3101 472 3143 cere,
490 3084 519 3141 δι
540 3097 572 3139 ut
587 3080 669 3138 intelli
684 3092 781 3138 ‘eretur
796 3079 862 3157 quid
875 3080 1025 3139 minimum
1041 3079 1211 3138 interuallum
1226 3079 1338 3135 diceret.

440 3160 498 3215 Siue
515 3157 622 3237 cuufflr]
680 3177 724 3214 arn
747 3156 825 3213 istam
846 3157 1055 3215 declinationem
1077 3177 1135 3216 nou
1154 3156 1239 3214 efficit
1266 3156 1389 3231 pendam
1412 3171 1431 3210 e

402 3235 520 3312 ‘regione
537 3239 613 3293 enim
637 3232 786 3293 ferrentur:
813 3252 863 3291 nec
883 3233 961 3312 plaga
968 3254 978 3301 ³
1000 3234 1123 3293 nondum
1149 3233 1223 3291 enim
1247 3233 1432 3293 conflixerunt

402 3314 499 3377 atomi,
519 3325 550 3370 ut
561 3331 595 3372 ex
610 3310 687 3391 pulsu
700 3309 845 3371 declinent.

440 3392 575 3465 Numqui
588 3390 665 3467 petest
677 3388 753 3467 pelli]
772 3392 837 3466 Qro
851 3388 962 3447 tandem
980 3390 1059 3466 pasto
1074 3406 1109 3445 ex
1124 3387 1201 3467 plaga
1215 3401 1309 3448 motus
1323 3388 1365 3448 ille
1379 3384 1431 3444 else

398 3467 495 3543 pouit,
510 3485 577 3525 cum
593 3468 680 3524 atomi
695 3467 777 3525 reciis
788 3467 866 3525 lineis
882 3469 911 3525 in
929 3486 1056 3544 praeceps
1068 3464 1206 3525 ferantur?

439 3545 487 3600 Ad
497 3541 721 3621 perpendiculum]
749 3542 975 3620 Perpendiculum
998 3550 1024 3606 δε
1040 3545 1108 3601 linea
1121 3541 1248 3604 vocabula
1263 3542 1324 3596 sunt
1339 3535 1428 3597 archi*

401 3622 551 3684 cestorum,
569 3641 636 3697 quae
648 3620 681 3677 ab
693 3622 727 3677 iis
736 3622 923 3679 mathematici
938 3637 1107 3682 mutuantur.

440 3706 590 3777 Nunquam
603 3695 763 3775 depelletur]
783 3700 851 3755 Nou
866 3700 1040 3775 depellantur,
1056 3719 1106 3759 nec
1119 3702 1154 3760 ab
1167 3700 1224 3759 aliis
1239 3693 1371 3757 declinare
1383 3709 1432 3751 co·

400 3791 521 3853 guntur,
539 3777 644 3834 saresta
654 3790 811 3842 morentur,
828 3777 876 3854 qui
889 3796 1039 3853 corporum
1056 3772 1148 3836 motus
1162 3780 1208 3838 est.
1411 3828 1414 3834 .

440 3860 484 3909 Ne
499 3852 647 3927 contingas]
665 3854 816 3911 Contasius
829 3854 903 3909 enim
921 3849 1021 3912 atomis
1036 3871 1147 3932 propter
1161 3860 1256 3914 'earum
1270 3849 1432 3910 soliditatem

402 3928 594 4002 depalfionem
609 3927 699 3987 affert:
728 3932 778 3991 nifi
795 3945 886 3989 autem
903 3930 1111 4010 secontinganr,
1128 3932 1202 4006 :nihil
1221 3934 1359 4010 gignetur,
1376 3927 1436 3984 nul·

397 4002 495 4082 lneque
510 4006 578 4067 fient
595 4006 799 4086 complexiones
814 4006 936 4086 nullaque
950 4006 1068 4071 concilia
1081 4003 1183 4070 rerum.
1220 4010 1356 4067 Lucretius
1375 4004 1436 4079 [lib.

399 4072 438 4147 n,
458 4085 541 4177 ml]
820 4153 823 4160 ’
886 4157 915 4216 X
934 4178 949 4213 a
1143 4156 1150 4166 “
1176 4162 1180 4169 “
1341 4154 1432 4240 Quas
