3784 5084
690 505 941 600 Lraun
994 505 1110 601 lla?
1415 505 1493 607 '15'1

403 657 564 744 divinat,
579 660 774 764 praedicit,
788 664 828 740 id
842 684 933 739 vero
951 663 1128 739 futurum
1151 659 1224 745 est:
1252 676 1296 739 ut
1318 686 1369 740 ne
1391 664 1435 743 il-

401 775 469 852 lud
494 775 653 876 quidem
688 772 804 851 sciam
833 775 946 875 quale
971 769 1026 855 su,
1053 775 1159 872 quod
1185 774 1431 870 Deiotarum,

406 887 667 964 ²familiarem
686 888 858 964 nostrum
878 890 919 963 &
936 884 1195 977 necessarium,
1223 908 1268 961 ex
1291 887 1429 965 itinere
1513 919 1518 930 ¹

401 1000 527 1097 aquila
550 1000 762 1075 revocavit:
792 999 859 1099 qui
878 992 947 1075 nist
962 995 1179 1088 revertisset,
1207 997 1249 1072 in
1269 1018 1317 1072 eo
1340 1020 1431 1077 con·

400 1110 498 1187 clavi
522 1111 559 1185 ei
582 1109 803 1188 cubandum
835 1106 958 1186 fuiffet
982 1108 1089 1206 quod
1115 1109 1288 1207 proxima
1317 1111 1430 1189 nolle

401 1222 583 1298 conruit:
624 1222 733 1296 ruina
759 1222 874 1321 igitur
910 1215 1101 1321 oppreffus
1139 1218 1238 1296 ess'et.
1296 1219 1352 1298 At
1377 1223 1430 1314 id,

401 1354 530 1431 neque
555 1325 582 1407 st
607 1330 731 1409 fatum
759 1331 893 1412 fuerat,
932 1326 1142 1429 effugisset:
1183 1354 1267 1421 nec,
1294 1327 1321 1409 ss
1347 1357 1431 1413 non

400 1441 536 1526 fuerat,
576 1443 619 1519 in
650 1464 742 1517 eum
770 1443 898 1520 casum
933 1443 1128 1540 incidiliet.
1196 1443 1303 1549 Qrid
1337 1468 1430 1546 ergo

402 1553 554 1649 adjuvat
572 1553 778 1631 divinatio?
812 1572 876 1632 aut
895 1554 985 1653 quid
1008 1552 1068 1632 est,
1096 1561 1109 1607 ³
1128 1553 1235 1652 quod
1257 1577 1322 1631 me
1344 1578 1429 1632 mo-

401 1686 521 1744 neant
545 1686 609 1742 aut
634 1665 765 1754 sortes,
784 1686 848 1741 aut
864 1685 960 1756 exta,
985 1671 1085 1739 *aut
1102 1667 1178 1740 ulla
1202 1667 1430 1765 praediliiol

403 1774 445 1851 Si
466 1781 574 1855 enim
601 1776 724 1855 fatum
747 1775 834 1868 fuit,
862 1778 986 1853 clabes
1010 1776 1144 1879 populi
1166 1777 1336 1856 Romani
1358 1772 1434 1855 bel·

401 1887 446 1964 lo
463 1890 614 1968 Punico
637 1890 779 1990 primo,
808 1888 966 1965 alteram
991 1886 1199 1989 naufragio,
1229 1891 1386 1968 alteram
1410 1913 1433 1968 a

403 1997 546 2077 Poenis
569 1998 775 2102 depteffam
805 2002 985 2087 interire3
1017 1993 1191 2075 'etiamsi
1219 2002 1432 2105 tripudium

403 2107 632 2189 solistimum
655 2113 750 2212 pulli
772 2110 941 2188 fecilsenr
962 2108 1138 2224 L.Junio
1158 2115 1197 2189 ὅ(
1221 2109 1271 2189 Ρ.’
1286 2112 1433 2190 Clodio

404 2223 638 2315 consulibus,
659 2221 782 2300 classes
804 2240 936 2302 tamen
960 2224 1192 2299 interissent:
1248 2219 1314 2305 fin,
1341 2247 1431 2301 cum

404 2334 575 2435 auspiciis
600 2335 911 2434 obtemperatum
937 2334 1039 2414 effer,
1068 2335 1285 2411 interiturae
1309 2334 1433 2412 claffes

405 2468 490 2522 non
512 2446 691 2532 fuerunt3
717 2470 799 2523 non
814 2448 1040 2525 interierunt
1062 2443 1165 2520 fato:
1200 2446 1347 2521 5voltis
1371 2468 1437 2523 au·
1493 2509 1509 2552 .-

406 2575 490 2632 tem
524 2562 660 2635 omnia
697 2558 803 2636 fato:
856 2559 962 2633 nulla
997 2556 1111 2657 igitur
1147 2555 1197 2633 est
1232 2556 1433 2639 divinatio.
1467 2644 1468 2647 a

1313 2669 1436 2776 Quod

390 2759 439 2832 ¹ac
454 2773 621 2836 necessarius,
640 2775 751 2858 juleus,
777 2773 914 2849 exstimu-
937 2775 1011 2852 gitur
1023 2773 1112 2848 diatim
1136 2774 1260 2852 quamvis
1279 2774 1356 2833 aliam
1376 2777 1438 2833 len·

406 2855 461 2917 vit,
473 2851 501 2928 fi
517 2853 628 2927 mssram
642 2858 670 2910 in
687 2853 845 2929 aucupatione
853 2853 904 2926 fisa
935 2851 1047 2914 tentiam
1060 2854 1149 2909 loveat
1161 2851 1255 2931 Jassus
1266 2851 1433 2911 Gulielmius.

406 2930 590 2988 necestitatem
598 2928 906 3007 familiaritatemquevi·
940 2932 1014 2987 Licet
1035 2931 1110 2986 enim
1126 2932 1214 2987 Cicero
1226 2928 1435 3007 vatibusfiutura

407 3006 511 3085 duffii,
532 3008 636 3085 aliquid
646 3008 677 3084 se
698 3009 729 3064 de
752 3009 907 3063 aulloritase
937 3008 1018 3064 dicere
1032 3007 1143 3068 tribuat,
1154 3004 1285 3085 numnam
1301 3020 1392 3064 tamen
1407 3025 1436 3063 a·

407 3104 485 3146 meae
511 3083 651 3163 defmfimis
674 3083 736 3162 poffe
761 3080 906 3139 detrahere.
939 3082 993 3158 pud
1009 3082 1083 3140 hunc
1097 3081 1144 3140 soli
1156 3085 1266 3140 dimonis
1278 3085 1341 3142 voci
1357 3098 1437 3159 pote·

408 3163 505 3242 Vulgo
517 3160 681 3239 neceffarium
698 3158 808 3236 nastrum
817 3184 827 3226 ς
852 3160 906 3217 edi·
938 3161 986 3217 stas
1004 3178 1035 3216 ea
1047 3158 1099 3217 fnit
1113 3158 1262 3237 adscripta:
1284 3179 1347 3219 nam
1360 3160 1436 3239 quod

408 3242 433 3299 ti
454 3255 572 3301 veteres.
590 3237 757 3318 familiarem
778 3238 906 3313 austrum
937 3244 1067 3294 Gruterus
1080 3236 1161 3295 dicere
1173 3238 1209 3295 fic
1223 3238 1353 3297 intellexit
1365 3237 1436 3297 infra

407 3337 462 3377 nos
480 3337 546 3375 vero
572 3315 662 3397 sugit,
688 3335 737 3375 cur
757 3313 907 3391 pleniorem
936 3332 994 3391 cap·
1018 3332 1065 3387 52.
1092 3313 1126 3372 ad
1146 3312 1220 3372 illurn
1240 3316 1332 3374 locum
1355 3315 1436 3373 eade

407 3394 539 3473 loquendi
559 3396 686 3457 modurn,
713 3410 777 3450 eum
798 3396 909 3449 MSSto·
937 3390 1142 3451 revidebimus.
1171 3392 1362 3451 Interimmihi
1377 3410 1436 3451 non

406 3492 474 3532 rum
498 3472 566 3537 fide,
593 3486 654 3529 tum
682 3472 808 3528 Ciceronis
831 3487 910 3526 more
936 3471 1009 3531 latet,
1028 3472 1160 3527 liliisnem
1175 3490 1225 3543 pro
1238 3470 1348 3529 oraculo
1361 3483 1436 3527 vete·

409 3546 566 3611 suffultum.
582 3548 742 3607 haberemus
754 3546 909 3625 reJ'iculum.
937 3548 1010 3605 ribus
1024 3548 1148 3606 ufitatam
1163 3546 1250 3606 fuisse.
1288 3547 1360 3604 Vide
1372 3566 1438 3605 mo·

409 3627 495 3689 Idem.
937 3625 975 3682 do
997 3628 1107 3685 Livium
1131 3623 1178 3682 lib.
1195 3644 1279 3684 vrrr.
1304 3642 1364 3701 cap.
1386 3643 1435 3701 ²4·

451 3723 467 3780 3
488 3700 580 3787 ,Quod
591 3721 634 3761 me
649 3698 799 3781 moneant]
819 3698 912 3777 Vulgo
937 3703 1018 3761 Idem.
1213 3767 1215 3773 Α

410 3796 547 3841 moveant.
591 3781 641 3838 Sed
660 3781 777 3837 omnino
796 3796 857 3836 veta
874 3778 912 3838 est
976 3778 1098 3854 5Vultis
1121 3795 1214 3836 aurem
1240 3781 1326 3837 amaia
1344 3778 1438 3862 fam]

410 3860 496 3918 lenio
522 3876 605 3936 quam
636 3856 716 3915 Paris.
752 3855 852 3913 ualliol.
882 3859 911 3916 u
938 3855 1091 3918 Lambinus,
1107 3855 1266 3933 interpofito
1286 3855 1379 3919 verbo,
1397 3855 1437 3916 le-

413 3936 490 3995 Med.
507 3934 648 3993 exhibent.
686 3933 767 3998 Idem.
939 3934 1060 4011 gendum
1082 3933 1215 4009 conjecit,
1238 3933 1322 3991 vultis
1343 3951 1437 3993 ausesa

449 4020 546 4087 4Aus
575 4006 634 4082 ullu
664 4006 840 4090 praediffio]
880 4011 914 4066 In
938 4012 1047 4070 evenire
1063 4013 1151 4068 omnia
1163 4010 1236 4088 sam
1266 4017 1293 4072 u
1315 4014 1350 4069 ita
1376 4011 1438 4071 sane

413 4091 476 4158 Pali.
492 4091 586 4174 prino
599 4094 627 4152 be
638 4088 786 4150 pithoeano
799 4086 868 4151 male
878 4086 914 4146 le·
933 4088 1059 4228 &quitur
1075 4088 1164 4149 noster
1178 4088 1255 4149 ‚infra
1270 4108 1329 4169 cap.
1342 4109 1372 4165 9.
1402 4092 1440 4148 At

978 4186 999 4244 4
1378 4182 1445 4241 (ΗΝ,
