3784 5084
445 513 504 663 ’,ὀ
694 561 1309 669 osotvtttnstonn

504 716 545 795 id
566 711 644 804 fiat,
672 712 817 789 adferre
835 734 1049 810 nequeam,
1078 710 1158 791 heti
1183 719 1352 793 omnino
1379 727 1527 819 neges?

500 823 623 932 'Qtod
642 825 745 902 idem
766 823 855 899 facis
878 824 919 899 in
939 823 1187 907 divinatione.
1226 850 1343 926 quam
1380 832 1419 905 &
1443 853 1525 907 cet·

504 943 633 1019 nimus
654 930 731 1038 ipsss
760 938 798 1012 &
822 933 1009 1026 audimus,
1040 940 1078 1013 &
1095 938 1270 1037 legimus,
1299 942 1337 1015 &
1361 962 1383 1014 a
1404 944 1523 1043 patti-

502 1050 573 1125 bus
595 1047 818 1147 accepimus,
846 1068 972 1144 neque
997 1067 1085 1123 ante
1107 1047 1388 1151 philosophiam
1415 1069 1522 1154 pate·

500 1159 652 1248 faciam,
680 1180 776 1255 quae
796 1178 915 1256 nuper
937 1159 1093 1235 inventa
1115 1158 1177 1249 est,
1205 1159 1275 1237 hac
1298 1161 1345 1237 de
1359 1185 1398 1237 te
1412 1185 1523 1238 com-

493 1268 631 1347 munis
653 1270 729 1343 vita
750 1269 959 1344 dubitavit:
990 1271 1040 1350 &2
1068 1270 1331 1371 posteaquam
1352 1271 1520 1373 philoso-

498 1380 587 1481 phia
609 1371 800 1480 ptocefftt,
828 1401 948 1454 nemo
976 1381 1084 1456 aliter
1119 1380 1365 1484 philosophus
1397 1378 1520 1466 sensit,

500 1493 542 1567 in
567 1513 647 1591 quo
671 1491 792 1565 modo
815 1487 903 1568 effet
931 1491 1139 1570 auiiotitas.
1196 1491 1286 1568 Dixi
1310 1494 1357 1569 de
1380 1492 1520 1591 Pytha-

499 1625 604 1704 gora,
651 1601 699 1677 de
729 1602 969 1682 Democrito,
1010 1601 1058 1676 de
1093 1601 1271 1679 Socrate:
1312 1606 1438 1706 excepi
1470 1606 1521 1683 de
1590 1612 1592 1617 “

499 1715 677 1812 antiquis,
707 1731 851 1815 praeter
873 1709 1168 1811 Xenophanem,
1198 1713 1418 1789 neminem:
1457 1716 1521 1797 ad-

499 1825 607 1918 jumei
626 1843 793 1899 veterem
813 1820 1077 1913 Academiam,
1107 1824 1390 1926 Peripateticos,
1420 1824 1521 1902 Stoi·

500 1958 588 2024 pos:
616 1957 711 2009 uuus
733 1931 899 2008 dissentit
915 1933 1108 2031 Epicurus.
1175 1944 1186 1979 ¹
1204 1934 1310 2040 Quid
1330 1958 1423 2012 veto
1444 1935 1522 2023 hoc

500 2046 657 2145 tutpius‚
679 2066 796 2141 quam
818 2043 924 2141 quod
956 2044 1059 2118 idem
1079 2046 1226 2120 nullam
1251 2040 1360 2123 seniis
1384 2051 1522 2147 gratui-

435 2173 580 2268 4otam
610 2152 681 2234 ess'e
704 2158 909 2230 virtutem?
938 2157 1034 2256 Quis
1056 2155 1105 2231 est
1127 2176 1270 2243 autem,
1293 2180 1412 2256 quem
1437 2180 1522 2238 non

499 2286 655 2360 moveat
689 2257 899 2358 elatisstmis
935 2269 1201 2347 monumentis
1239 2267 1400 2343 ²testata
1428 2291 1522 2347 con-

773 2383 775 2385 ’
1300 2372 1516 2485 signataque

500 2521 588 2595 iiten,
606 2521 642 2579 iic
662 2521 752 2595 potius
771 2518 917 2597 legendum
936 2534 999 2575 cen·
1033 2522 1109 2578 eiuro
1122 2518 1206 2582 dedit,
1228 2521 1293 2599 quid
1304 2539 1366 2577 vert
1381 2519 1426 2579 hoc
1440 2521 1524 2598 turpi·

501 2598 587 2671 icam,
615 2598 704 2656 deleto
725 2611 756 2654 ut
783 2599 824 2655 vel
844 2616 890 2661 ar,
918 2602 954 2651 Ut
972 2590 999 2669 st
1029 2617 1068 2661 us,
1081 2597 1149 2675 quod
1161 2598 1236 2654 idem.
1273 2600 1322 2655 Sed
1339 2598 1451 2674 scopum
1466 2614 1523 2656 non

501 2690 649 2748 magnetem
663 2675 774 2750 lapidem
790 2673 834 2750 effe
847 2675 941 2735 dicam,
953 2673 999 2747 qut'
1029 2676 1134 2752 tetigit:
1154 2693 1215 2731 nam
1230 2673 1385 2753 legendum,
1401 2676 1466 2753 quid
1474 2695 1523 2731 ve·

493 2750 599 2827 ferrum
615 2751 653 2807 ad
661 2752 689 2825 se
702 2749 804 2805 alliciat
820 2746 854 2816 όν
871 2748 997 2805 attrahat:
1029 2762 1075 2808 rr?
1098 2749 1144 2808 boc
1155 2753 1265 2827 turpius,
1280 2771 1363 2829 quam
1376 2752 1444 2829 quod
1456 2754 1525 2810 uem

496 2830 635 2897 patrumm,
659 2845 706 2883 cur
721 2827 749 2882 id
758 2823 813 2898 fiat
828 2830 880 2884 &c.
916 2832 997 2881 Lam·
1029 2832 1098 2887 &ci
1121 2826 1234 2897 Nullam
1252 2842 1343 2885 autem
1365 2828 1468 2887 censuit
1487 2831 1526 2887 F.-

501 2904 584 2975 bmus.
1029 2907 1138 2978 pieutus
1150 2908 1302 3000 gratuitam
1318 2905 1361 2981 effe
1381 2908 1524 2969 virtutem,

537 2979 600 3035 ibid.
618 2980 654 3037 At
669 2981 796 3035 rationem
814 2996 861 3033 cut·
881 2974 909 3032 r'd
920 2972 995 3049 fiat]
1027 2982 1089 3058 quia
1106 2977 1156 3057 λβ
1172 2975 1211 3038 «ἦν
1225 2977 1296 3042 iistis
1307 2984 1349 3045 ιω)
1363 2975 1411 3044 tiss
1436 2977 1526 3059 ἂμπῖς

501 3060 543 3145 ita
557 3057 687 3132 scriptum
703 3057 741 3113 est
755 3057 784 3112 in
795 3056 915 3132 antiquo.
930 3072 996 3113 cum
1027 3056 1148 3134 αι’ςῦθας,
1164 3059 1180 3117 κ’
1195 3051 1319 3121 h'uiris,
1340 3059 1438 3122 statuit.
1474 3061 1527 3115 Vi·

500 3154 530 3190 su
545 3135 688 3266 simpreffis
713 3134 779 3191 defit
809 3129 936 3208 particula
954 3145 996 3188 at.
1027 3136 1228 3270 dZMmugium
1245 3136 1279 3195 ad
1294 3138 1393 3199 Laertii
1410 3155 1438 3205 x,
1456 3136 1523 3213 138.¹

500 3214 622 3269 Utmus.
1028 3221 1043 3270 1
1071 3232 1108 3271 m.

537 3288 606 3345 Ibid.
625 3296 659 3343 Et
680 3284 821 3351 attrahat,
856 3287 998 3345 rationem,
1066 3309 1081 3346 2
1106 3292 1211 3349 settara
1236 3290 1432 3369 coustgmtaqut
1456 3292 1528 3348 auti·

499 3384 546 3438 qur
562 3362 664 3436 r'dfiat]
686 3366 814 3425 ussarius,
839 3361 924 3429 Aldus
941 3363 999 3418 Ne·
1044 3369 1142 3447 uitus]
1168 3370 1257 3426 Prima
1272 3388 1327 3427 uox
1341 3369 1386 3427 hic
1398 3370 1427 3429 in
1446 3368 1464 3434 fi
1506 3368 1528 3424 i·

499 3462 566 3519 pos.
592 3446 621 3500 iic
642 3448 771 3498 Gruterus
787 3439 936 3499 ediderunt,
963 3436 998 3506 ό·
1026 3387 1152 3503 {catione
1165 3447 1262 3523 paffisa
1274 3445 1401 3506 sumitur.
1408 3386 1504 3524 ςιιῡῗ
1496 3464 1528 3500 0·

499 3521 599 3582 traham
623 3532 655 3574 as
669 3520 803 3577 rationem.
826 3535 872 3573 cur
893 3516 920 3571 ἑά
932 3512 996 3590 fias.
1028 3519 1077 3578 lim
1099 3525 1202 3581 notavit
1226 3523 1346 3597 Agellirrs
1369 3524 1406 3579 N.
1422 3525 1456 3579 Α.
1475 3520 1524 3590 tib,

499 3599 543 3653 Sic
558 3602 585 3657 δι
598 3594 682 3665 0νρηὲ
702 3596 777 3659 liber,
794 3599 822 3653 &
838 3610 936 3650 omnes
948 3612 999 3649 no·
1028 3618 1072 3670 xv,
1081 3616 1139 3676 cap.
1153 3619 1163 3656 t
1171 3619 1197 3676 3.
1210 3602 1253 3657 Sic
1267 3608 1294 3661 δι
1303 3602 1335 3657 ad
1346 3601 1469 3657 Atticum
1480 3598 1528 3656 lib.

500 3674 554 3731 stri.
591 3675 664 3731 Cum
679 3691 745 3729 veto
761 3670 921 3729 pithoeanus
941 3670 998 3725 Co·
1029 3677 1051 3731 i.
1070 3676 1120 3750 Ep.
1143 3679 1186 3734 16.
1206 3684 1296 3755 Neque
1317 3678 1372 3745 disti
1387 3679 1530 3753 quicquum

499 3750 552 3806 dex
565 3752 649 3812 daret,
667 3747 701 3817 ό·
715 3748 842 3811 attrahat,
860 3748 998 3809 rationem,
1029 3763 1074 3825 pro
1094 3754 1238 3828 testimonio,
1261 3755 1329 3831 quod
1344 3773 1392 3809 nou
1410 3768 1468 3810 erat
1485 3753 1528 3810 ita

499 3846 547 3895 <ur
562 3826 656 3899 idfiar,
673 3827 708 3883 fic
722 3823 994 3899 imprimendumcu·
1031 3843 1122 3887 notum
1147 3845 1229 3908 atque
1248 3832 1389 3895 testatum,
1422 3845 1454 3886 ur
1482 3848 1532 3885 nou

496 3905 562 3958 tavi.
599 3903 680 3979 Qtod
696 3901 837 3961 Lambinus
858 3901 940 3957 etiam
956 3898 995 3955 fe·
1030 3905 1121 3981 psffem
1140 3910 1289 3982 praeterire.
1326 3911 1366 3964 lta
1379 3905 1486 3983 publicis
1499 3904 1532 3961 li-

496 3978 706 4053 liciconjffiura
721 3992 899 4055 praeceperat.
914 3985 993 4033 Dav.
1032 3984 1092 4040 teris
1107 3986 1197 4043 testata
1211 3987 1296 4043 omnia
1312 3984 1382 4041 dixit
1399 4004 1449 4062 pro
1467 3985 1532 4041 Mu-

538 4075 547 4110 1
567 4055 640 4131 Quid
652 4075 713 4112 vtro
727 4055 773 4112 bos
788 4058 902 4131 turpius,
912 4073 994 4131 quam
1035 4079 1098 4118 rena
1112 4080 1170 4136 cap.
1184 4080 1231 4119 xt.
1270 4060 1350 4118 Idem.

496 4133 565 4229 puri
580 4133 667 4209 idem]
692 4132 834 4217 gambinus
854 4151 888 4208 ete
904 4150 999 4226 coppe·
1076 4159 1090 4224 3
1109 4147 1210 4213 Qucum
1223 4137 1335 4231 plaffium
1348 4138 1424 4236 [ruffe
1442 4137 1486 4271 adli
1498 4135 1534 4193 11-
