3784 5084
394 567 454 651 '2‘2'
663 555 744 639 Dr
784 545 1280 635 DIVINATIONE

459 712 536 789 tius
561 726 645 785 utar
669 723 734 783 aut
759 704 925 793 audiere,
957 721 1022 782 aut
1050 701 1150 780 telle,
1179 718 1297 799 quam
1324 698 1387 773 tel
1427 684 1492 770 cul

461 827 520 923 jus
548 820 687 897 edidici
717 820 833 893 etiam
862 815 1014 905 versus,
1057 814 1095 890 ὅ(
1125 812 1288 887 libenter
1316 805 1493 906 quidem,

464 957 563 1033 quos
588 937 597 971 ¹
621 933 663 1007 in
687 928 855 1006 secundo
876 926 1079 1005 consulatu
1101 919 1251 1001 Urania
1277 916 1384 999 musa
1405 938 1495 1020 pro·⁴

466 1061 619 1128 nuntiat
637 1068 646 1117 :

520 1151 687 1259 Principio
707 1143 859 1226 aetherio
869 1143 1076 1254 jiurnmntus
1098 1142 1262 1251 Juppitrr
1279 1136 1353 1247 igni

523 1263 691 1354 Vertitur,
718 1256 764 1351 ὀμ
788 1281 899 1338 rutum
920 1256 1104 1359 conlustrat
1121 1254 1248 1331 lumine
1264 1246 1440 1331 mundun.

523 1388 717 1482 Menteque
733 1371 862 1449 divina
881 1367 1013 1447 curium
1040 1363 1221 1477 terrasque
1237 1357 1383 1473 petefflt,

524 1490 638 1592 Quae
652 1484 788 1593 penitus
801 1479 928 1589 senfin
950 1476 1123 1559 hominurn
1140 1472 1307 1584 virusque
1328 1486 1496 1567 retentat,

525 1590 686 1679 Aetheris
710 1596 845 1673 uererni
858 1592 965 1704 septu
982 1608 1088 1701 utque
1113 1586 1249 1693 inclusit
1271 1584 1442 1662 cavernis.
1485 1589 1486 1593 ’

524 1720 585 1797 Er,
602 1704 642 1812 st
660 1704 840 1813 stellarum
861 1726 971 1781 motus
990 1700 1176 1810 curfiusque
1195 1698 1361 1807 vugunris

527 1817 629 1924 Nuffl
649 1816 749 1909 veiis,
771 1828 783 1859 ²
805 1844 892 1925 quur
900 1814 980 2001 fut
1013 1838 1167 1924 ignorum
1186 1812 1227 1887 in
1247 1806 1332 1915 sede
1353 1803 1499 1900 lucatur,

527 1932 641 2033 Que
662 1924 767 2005 verbu
789 1927 834 2017 (su
852 1924 953 2030 fusti
977 1927 1156 2003 Graiorum
1181 1920 1318 1999 vocibus
1338 1937 1475 2011 errant,

530 2052 691 2118 Revera
712 2058 800 2115 certo
819 2037 919 2147 lapsu
936 2035 1114 2146 spatioque
1124 2033 1316 2143 feruntur5

528 2152 654 2227 omniu
667 2158 753 2262 jum
778 2174 888 2227 cernes
907 2149 1035 2225 divinu
1051 2166 1166 2223 mente
1188 2164 1324 2222 notutu.

531 2272 630 2346 Num
639 2283 792 2371 primum
812 2258 978 2369 astrorum
1003 2257 1150 2336 volucris
1173 2276 1207 2334 te
1227 2251 1360 2366 consule
1382 2271 1504 2353 mutus,

1363 2379 1506 2444 Concur-

518 2501 530 2539 1
550 2488 580 2538 In
591 2480 702 2558 secundo
722 2479 878 2558 crustulam]
907 2484 977 2538 Puto
999 2481 1066 2536 nius
1082 2479 1110 2535 in
1125 2490 1243 2535 eventus.
1280 2476 1353 2552 Hinc
1365 2489 1438 2552 patet
1451 2496 1507 2538 non

476 2560 682 2636 corrigendum.
702 2564 729 2614 in
739 2560 848 2632 secundo
868 2557 903 2616 de
923 2578 975 2615 cun·
1011 2556 1086 2614 fuiffe
1099 2575 1148 2613 cur
1169 2564 1250 2614 Henr.
1264 2552 1374 2631 Vuiefius
1392 2572 1510 2629 repone·

469 2636 576 2715 sulam,
593 2652 626 2693 ut
640 2635 810 2694 subaudiatur
832 2636 910 2693 libro.
946 2643 976 2694 Ρ.
1012 2648 1052 2691 ret
1067 2635 1088 2687 ἒν
1106 2625 1207 2707 divripp
1222 2640 1293 2688 ΠΕΡΙ
1309 2630 1464 2697 inuititur
1480 2650 1509 2697 u·

478 2716 630 2771 Manutius.
1013 2710 1067 2785 pud
1075 2710 1211 2787 Eusebium
1228 2712 1302 2768 Hm.
1316 2712 1368 2771 111.
1379 2710 1425 2765 28.
1442 2728 1508 2773 cunt

517 2786 887 2862 Ibidlnsecunducunfiularu]
896 2786 976 2842 Paul·
1013 2788 1128 2844 minime
1141 2788 1282 2847 necess'aria
1295 2789 1327 2850 sit
1342 2788 1387 2845 ista
1395 2806 1511 2865 praepo·

480 2863 540 2925 ium
561 2867 732 2925 Marruuium,
757 2880 937 2939 reponentem
954 2868 979 2920 in
1010 2865 1080 2923 ficio.
1115 2869 1228 2925 Davies.

470 2944 584 3020 secundo
595 2943 630 3001 de
649 2940 793 3019 consitium,
811 2940 930 3018 sequitur
952 2961 979 2998 e·
1050 2960 1066 2997 2
1089 2947 1167 3021 Qrae
1179 2941 1235 3020 finr
1249 2939 1384 3018 fignorum
1407 2942 1434 2998 in
1451 2940 1511 3018 sedo

480 3021 549 3077 tiam
571 3029 608 3077 D.
626 3019 783 3082 Lambrum
826 3038 878 3077 nec
904 3018 980 3077 aliter
1012 3018 1133 3154 locarat}
1154 3020 1224 3080 Puto
1240 3040 1293 3099 qua
1308 3016 1363 3095 finr
1375 3017 1512 3095 fignurum

480 3099 601 3172 conjecit
618 3098 704 3154 Hudr.
718 3095 851 3160 Turnebus
867 3096 979 3155 Advers.
1013 3098 1106 3171 insede
1132 3113 1236 3166 ocatur,
1267 3098 1322 3155 hoc
1337 3098 1384 3161 est,
1408 3100 1438 3155 in
1459 3115 1514 3176 qua

481 3196 509 3239 v,
525 3194 571 3235 ao.
608 3179 645 3233 At
665 3174 735 3231 mihi
757 3193 821 3231 cum
840 3174 980 3236 Gulielmio
1013 3175 1127 3251 Zodiaci
1143 3190 1226 3252 parte.
1262 3175 1342 3233 Idem.

480 3252 569 3329 placet
583 3254 609 3309 in
615 3254 725 3327 secundo
736 3250 894 3328 crapulatum
913 3253 980 3311 haec
1052 3272 1065 3328 3
1081 3255 1178 3311 Gravis
1185 3250 1440 3326 stellarumardurr]
1457 3255 1514 3310 Rea

481 3331 559 3387 enim
575 3328 658 3387 ledlio
670 3328 793 3407 vulgatae
807 3331 921 3408 propIus
936 3349 982 3387 ac·
1015 3328 1094 3388 scribi
1107 3330 1204 3389 debere
1216 3333 1300 3405 gravi
1308 3328 1450 3404 stellarum
1466 3327 1525 3387 ar·'

481 3406 568 3469 cedit.
607 3409 776 3486 Hieronymus
803 3409 864 3467 adv.
886 3408 980 3487 Jovin'.
1014 3408 1072 3464 dure
1081 3409 1200 3484 conjecit
1208 3407 1436 3475 Hudr.Turnebus
1445 3408 1516 3476 ndu.

481 3483 562 3543 libl.
573 3503 601 3560 p.
618 3483 846 3559 345.Auuxiiides
855 3488 882 3542 in
888 3486 985 3564 secun·
1014 3484 1059 3543 lib.
1075 3504 1105 3543 v.
1116 3504 1175 3563 cap.
1191 3505 1237 3545 20.
1274 3486 1372 3552 Pallam
1385 3502 1459 3546 certe
1471 3486 1517 3549 fit,

481 3563 515 3620 du
530 3562 595 3619 libro
605 3560 783 3639 philustuphiar.
819 3566 864 3621 Sic
883 3566 982 3640 Agrip·
1016 3577 1046 3622 ut
1062 3561 1154 3621 literae
1176 3581 1321 3642 perperam
1340 3580 1515 3642 repetanturp

480 3651 548 3716 pam
563 3644 589 3697 in
599 3641 710 3716 secundo
723 3642 799 3697 vitae
808 3644 876 3717 strue
893 3641 983 3700 laudat
1015 3658 1045 3697 ea
1067 3655 1159 3699 tamen
1179 3644 1335 3711 emendatio
1363 3643 1436 3701 mihi
1457 3660 1517 3701 non

483 3716 663 3797 philargyrius
676 3718 708 3774 ad
718 3718 815 3791 Virgilii
827 3721 931 3797 Georgt
944 3721 984 3788 II,
1016 3716 1123 3777 videtur
1144 3720 1291 3779 becellaria·
1329 3721 1411 3783 Idem.

489 3795 554 3851 162.
572 3797 869 3854 LaiianriusDivInst.
879 3797 983 3855 liblll.
1052 3815 1072 3870 4
1086 3803 1157 3854 cnm
1170 3797 1432 3858 tumulusAlbanuiu
1441 3815 1516 3855 men·

485 3887 545 3943 cap.
569 3892 639 3934 xvir,
664 3892 708 3947 ¹4·
732 3875 839 3931 'Cicero
862 3874 983 3933 inlibris
1016 3889 1043 3931 te
1069 3874 1191 3950 nivalis]
1228 3877 1302 3936 Cum
1325 3876 1399 3934 con
1418 3880 1517 3937 ceteri·

485 3946 638 4007 consulatus
653 3950 692 4007 sui
707 3952 798 4010 eadem
814 3953 890 4017 dixit,
915 3971 984 4030 quae
1016 3971 1068 4030 que
1090 3954 1261 4031 Magistratus
1290 3957 1412 4014 Romani
1437 3954 1521 4015 feriat

485 4028 633 4083 Lucretius.
654 4028 779 4105 Denique
787 4029 904 4086 Tullium
917 4048 981 4087 con·
1020 4027 1124 4088 Latinae
1149 4028 1327 4097 celebrarent,
1355 4035 1384 4091 In
1412 4031 1519 4095 Albano

484 4100 584 4179 solima
599 4102 639 4163 sui
659 4103 730 4176 libro
749 4108 787 4180 ΙΙ.
805 4106 913 4199 profert
929 4114 984 4181 Nu·
1017 4121 1113 4181 monte
1138 4107 1237 4182 fiebant
1262 4108 1407 4183 sacrificia„¹
1443 4110 1519 4182 Vide¹
