3784 5084
647 540 779 619 Ltn
810 560 834 615 tt
864 560 895 615 tt
950 540 995 624 11,
1026 565 1092 636 25,
1120 546 1187 622 26.‘
1424 560 1496 645 183

405 712 492 783 unt,
525 707 569 798 ut
594 694 724 771 amicis
756 692 1001 793 inpendentis
1037 695 1267 771 calamitates
1293 694 1466 797 praedit

406 825 508 895 eant,
532 827 624 906 quas
641 808 698 882 illi
715 795 883 907 effugere
900 804 1011 881 nullo
1027 806 1150 882 modo
1171 799 1339 909 poffint:
1363 814 1385 860 5
1394 828 1436 885 ut

406 918 568 1006 medici,
603 938 838 1017 quamquam
872 917 1100 1017 intellegunt
1132 920 1260 1019 saepe,
1300 937 1431 998 tamen

405 1050 623 1127 numquam
655 1029 770 1129 aegris
795 1028 943 1117 dicunt,
979 1029 1049 1103 illo
1081 1029 1224 1106 morbo
1263 1052 1329 1105 eos
1362 1030 1433 1107 elle

405 1142 632 1218 morituros.
687 1140 828 1214 Omnis
851 1140 959 1213 enirn
987 1139 1192 1239 praedidio
1222 1142 1315 1216 mali
1341 1161 1460 1243 tum·

405 1251 598 1353 probatur.
639 1272 729 1326 curn
754 1248 800 1324 ad
824 1245 1125 1350 praedidionem
1149 1254 1278 1328 caurio
1302 1252 1433 1347 adjun-

403 1366 518 1462 gitur.
577 1361 682 1467 Quid
705 1361 819 1461 igitur
852 1379 915 1436 aut
941 1361 1084 1437 ostenta
1123 1380 1187 1437 aut
1211 1385 1348 1439 eorum
1374 1366 1429 1440 in·

348 1544 353 1552 .
405 1492 597 1574 terpreres
637 1472 696 1548 vel
721 1470 1046 1548 Lacedaemonios
1079 1475 1176 1547 olim
1212 1475 1272 1550 vel
1308 1497 1429 1575 nuper

405 1585 553 1663 nostros
576 1583 822 1681 adjuverunt?
862 1606 959 1681 quae
985 1578 1009 1657 fi
1034 1578 1134 1684 signa
1160 1585 1335 1661 Deorum
1363 1609 1431 1687 pu·
1518 1590 1522 1596 ’

316 1710 319 1713 ’
405 1696 520 1773 tanda
544 1693 641 1786 sunt,
669 1712 837 1770 curtam
862 1692 1021 1770 obscura
1043 1690 1223 1770 fuerunt?
1261 1690 1428 1785 sienim,

404 1826 448 1884 ut
471 1806 775 1908 intellegeremus
794 1805 888 1902 quid
908 1802 994 1880 effer
1016 1826 1262 1892 eventurum3
1304 1825 1430 1907 aperte

401 1918 583 1998 declarari
605 1916 831 2015 oportebat:
871 1934 934 1991 aut
960 1940 1010 1992 ne
1033 1915 1184 1996 occulte
1201 1914 1371 2015 quidem,
1400 1912 1427 1993 st

403 2052 449 2103 ea
471 2028 553 2106 sciri
571 2028 768 2104 nolebant.
819 2025 909 2134 Jam
934 2048 1027 2104 vero
1049 2030 1262 2123 conjectura
1286 2025 1491 2111 omnisne

403 2142 444 2217 in
472 2141 703 2238 quanititur
728 2137 927 2227 divinatio,
958 2139 1119 2240 ingeniis
1142 2137 1353 2217 hominurn
1385 2142 1427 2217 in

403 2251 545 2325 multas
564 2273 607 2325 ac
634 2247 807 2339 diversas,
838 2252 1044 2323 autetiam
1076 2251 1278 2326 contrarias
1307 2269 1427 2347 partes

409 2353 548 2463 ‘saepe
572 2361 779 2436 deducitur.
834 2352 895 2434 Ut
916 2364 1021 2434 enirn
1046 2363 1086 2445 in
1112 2356 1223 2438 causis
1245 2361 1427 2455 judiciali·

402 2472 471 2550 bus
496 2475 566 2547 alia
588 2471 803 2563 conjectura
827 2469 876 2544 est
896 2470 1129 2555 accusatoris,
1159 2473 1230 2545 alia
1253 2470 1426 2547 defenso·

403 2585 466 2672 tis,
496 2586 534 2658 ὅ(
557 2603 687 2657 tamen
708 2580 902 2678 utriusque
922 2580 1129 2657 credibilis:
1166 2575 1215 2656 src
1236 2582 1277 2657 in
1299 2584 1426 2657 omni-

406 2698 474 2770 bus
495 2693 551 2769 his
574 2694 697 2783 rebus,
716 2715 814 2790 quae
836 2692 1051 2782 conjeelura
1065 2690 1274 2792 investigari
1297 2692 1427 2771 viden·

401 2824 478 2894 tur,
513 2828 647 2906 anceps
676 2805 860 2903 reperitur
893 2805 1029 2878 oratio.
1084 2809 1189 2909 Quas
1215 2822 1341 2879 autem
1367 2827 1425 2880 tes
1530 2888 1532 2892 ¹

402 2933 489 2996 tum
511 2916 655 3006 natura,
682 2933 766 2991 tum
785 2912 886 2990 caius
906 2912 1046 3003 adfert3
1077 2912 1114 3011 (²
1128 2936 1427 3014 nonnumquam

1307 3045 1424 3102 ettam

401 3159 450 3241 pir
466 3162 494 3220 ἀ
510 3167 559 3231 τοῖς
573 3172 635 3223 κατ’
651 3164 769 3236 indenda
783 3164 899 3244 (παίω-
927 3166 1037 3227 accedo,
1056 3164 1154 3245 quibus
1172 3164 1318 3246 legendum
1338 3164 1425 3245 placet

387 3244 446 3309 'rat
473 3239 521 3308 vite
545 3247 743 3324 aewgse'rrtc)
771 3246 899 3313 ἄνυφελιῖς
926 3243 1065 3301 diduntur.
1101 3245 1189 3304 Idem.

399 3319 454 3381 dal
468 3323 490 3376 ir
511 3312 553 3394 eas
565 3330 619 3399 βίῳ·
638 3326 669 3379 τὸ
684 3315 715 3399 ᾧ
731 3318 802 3381 aurit
820 3316 896 3390 dulf·
963 3348 978 3402 7
1001 3336 1194 3406 Nonnunquam
1214 3332 1295 3387 etiem
1312 3348 1422 3387 errorem

401 3397 451 3457 aba
469 3396 602 3475 wpuss’afier
625 3399 672 3460 α’ῦι
694 3398 737 3463 ἴση
755 3404 895 3469 {uuidm-
924 3421 997 3463 creat
1010 3404 1178 3481 fimiltmdo]
1210 3416 1247 3465 D.
1268 3405 1420 3468 Lambinus,

403 3476 491 3556 frier
514 3468 587 3536 td.
608 3474 723 3557 wilm
741 3480 868 3554 r’rdfxam
886 3480 898 3539 i
923 3484 1011 3542 tribus
1028 3482 1129 3541 voculis
1144 3485 1249 3549 additis,
1274 3481 1421 3542 rescriben-

402 3558 531 3654 srpjpp'nm,
549 3560 575 3614 d
587 3557 642 3634 πρὸς
658 3553 698 3620 oli
712 3553 816 3616 ἰἰιιιλιων
831 3560 897 3615 aiei
923 3559 991 3619 dum
1016 3561 1125 3636 putabat
1145 3561 1180 3629 ό»
1201 3565 1227 3618 in
1246 3558 1339 3636 quibus
1358 3578 1421 3614 non·

401 3660 442 3697 w
458 3630 586 3712 ἂναφυςῖιι
603 3632 755 3711 ι’λᾶμςαην.
791 3636 880 3696 Idem.
922 3656 1075 3715 nunquam
1099 3638 1225 3716 atJ.M.
1240 3644 1322 3691 Brute
1335 3633 1421 3709 place·

439 3732 458 3788 5
474 3720 512 3771 Ut
525 3717 636 3790 medici]
665 3715 744 3773 Paris.
758 3733 791 3773 ut
809 3734 828 3771 a
844 3734 896 3771 me·
924 3716 980 3779 bat,
993 3718 1019 3772 in
1033 3714 1072 3771 his
1087 3732 1268 3791 nonnunquam
1284 3715 1364 3767 etiam
1381 3731 1423 3768 er·

401 3791 467 3850 dici.-
492 3792 567 3849 Med.
583 3798 611 3852 δι
634 3795 705 3869 Reg.
726 3808 777 3851 aut
801 3792 899 3851 medici.
924 3812 1007 3849 rorem
1029 3807 1101 3849 creat
1115 3788 1267 3865 fimilirudo.
1306 3792 1422 3855 Verum,

401 3868 565 3946 ¹[egendum
580 3869 614 3935 ά
628 3871 726 3927 medici.
763 3871 852 3928 Idem.
925 3884 988 3928 nota
1003 3867 1329 3943 Parenrheseusappofim
1346 3866 1420 3943 quod

438 3950 549 4020 6Saepr
560 3946 717 4023 deducitur]
733 3949 773 4005 Ita
787 3946 897 4025 quidem
925 3967 975 4004 nos
992 3947 1075 4023 primi
1090 3944 1212 4009 fecimus,
1234 3962 1284 4001 uec
1299 3942 1352 3999 hoc
1368 3961 1420 4004 nec

379 4082 382 4087 ,
401 4023 502 4079 Mssti.
529 4024 581 4079 Sed
595 4031 631 4081 D.
641 4024 766 4082 lambino
780 4024 898 4102 &Joan
926 4023 989 4080 illud
1009 4023 1220 4079 additamentum
1239 4021 1290 4079 effe
1309 4019 1422 4077 neceffa·

399 4097 510 4169 dedet,
543 4100 694 4168 duumviris
720 4102 898 4169 (iustissimis,
926 4102 998 4157 rium
1019 4112 1100 4179 patet.
1138 4100 1222 4161 idua.

920 4178 988 4258 Mu
1113 4191 1116 4199 ·
1284 4193 1299 4248 r
1318 4179 1419 4249 Magna
