3784 5084
426 565 488 688 'ut
695 571 770 649 nt
798 514 1289 653 utvtunttoltu

556 723 659 830 'Post
680 725 745 802 illu
768 735 882 811 nuilus,
910 730 1114 835 temperiret
1141 723 1285 803 tollere:¹

544 847 635 913 Euin
653 836 717 945 effe
739 841 887 917 exitium
910 844 1043 943 Troiae,
1066 834 1191 945 pestem
1216 838 1392 944 Pergumd.'

493 948 578 1026 Sint
605 950 707 1032 baec,
737 971 781 1028 ut
803 954 895 1042 dixi,
930 950 1080 1027 somnia
1103 949 1341 1028 fabularum:
1381 948 1517 1051 hisqlle'

491 1062 716 1162 adiungatur
737 1066 861 1138 etiam
888 1060 1046 1139 Aeneae
1072 1060 1285 1154 somnium,
1309 1063 1415 1160 quod
1436 1069 1451 1103 ²
1473 1067 1516 1140 in

492 1164 663 1248 Numeri
698 1168 790 1249 Fabi
816 1174 974 1250 Pistoris
998 1171 1151 1249 Graecis
1188 1173 1386 1250 annalibus
1420 1174 1526 1268 ejus-

492 1282 603 1359 modi
629 1280 692 1377 est,
721 1286 923 1376 utromnia
954 1307 1051 1384 quae
1075 1285 1122 1359 ab
1146 1283 1280 1361 Aenea
1305 1284 1402 1384 gesta
1429 1289 1517 1361 lunt

491 1415 667 1493 quaeque
698 1397 754 1473 illi
779 1395 1012 1484 acciderunt,
1041 1417 1086 1470 ea
1109 1394 1253 1474 fuerint
1276 1417 1373 1494 quae
1397 1395 1432 1471 ei
1463 1396 1519 1471 se·

430 1506 667 1591 iucundum
696 1510 866 1607 quietem
899 1506 976 1583 visa
995 1504 1095 1581 sunt.
1151 1506 1224 1583 Sed
1256 1507 1432 1609 propiora
1460 1508 1518 1583 vis

493 1614 663 1692 deamutt
727 1616 940 1711 Cuiusnam
978 1617 1089 1693 modi
1125 1617 1175 1693 est
1218 1616 1376 1717 Superbi
1417 1612 1516 1693 Tar·

492 1719 605 1824 quini
638 1724 854 1821 somnium,
886 1725 972 1804 lde
999 1750 1080 1827 quo
1109 1728 1150 1804 in
1178 1728 1299 1805 Bruto
1322 1719 1424 1805 Acci
1456 1730 1515 1807 lo·

490 1839 622 1936 quitur
644 1837 749 1939 ipse?
1561 1843 1563 1847 ’

544 1957 629 2022 Cum
637 1953 721 2051 jum
742 1945 850 2056 quieti
870 1969 980 2059 eorpus
1002 1942 1163 2027 uoeiuruu
1181 1946 1312 2057 impetu
1512 2046 1514 2049 Α

1422 2054 1517 2134 Dedi

530 2214 543 2251 t
563 2193 618 2268 Pell
637 2193 685 2253 illu
702 2209 799 2257 nurus.
821 2209 985 2271 temperaret
1013 2198 1105 2273 quitur
1116 2199 1177 2274 ipse]
1193 2201 1265 2254 Vera
1278 2194 1406 2261 lediio‚lr
1418 2217 1469 2275 que
1482 2200 1512 2255 itt

489 2271 598 2353 tollere]
615 2273 693 2333 Paris.
704 2274 754 2349 pell
767 2274 816 2330 illu
827 2289 906 2332 natue
918 2288 985 2329 tem·
1015 2281 1095 2331 Brute
1108 2275 1185 2332 Accii
1201 2274 1317 2351 loquitur
1331 2276 1385 2349 ipse.
1424 2275 1512 2333 Fabu⁴

485 2349 550 2423 'pera
568 2350 698 2408 extollere.
719 2350 816 2409 baillol.
838 2350 912 2407 Med.
929 2350 986 2407 alii·
1014 2349 1066 2407 lam
1085 2366 1175 2411 autem
1190 2354 1275 2411 Accii,
1297 2353 1342 2409 cui
1360 2358 1444 2407 Brute
1462 2366 1514 2409 no*

488 2447 542 2503 que
557 2428 645 2502 plures
661 2428 711 2505 pust
730 2427 778 2484 illu
793 2420 984 2572 nulffirempe·
1014 2446 1079 2485 meu
1098 2428 1177 2494 ellet,
1203 2427 1346 2505 significan
1378 2446 1461 2505 quam
1482 2432 1511 2487 tr

487 2524 521 2559 ea
538 2505 573 2572 (5·
593 2505 690 2564 uellere.
736 2506 857 2563 Videlice
885 2506 985 2577 phialis
1014 2506 1083 2564 ludis
1101 2506 1307 2581 Apollinaributa
1320 2505 1367 2583 qui
1383 2506 1422 2561 M.
1441 2509 1510 2563 Brut

489 2582 582 2640 minus
607 2584 687 2641 obvia
715 2583 849 2641 Librarios
879 2580 984 2640 fefellit.
1013 2586 1034 2641 ri
1050 2582 1164 2641 absentis
1177 2584 1290 2640 nomine
1304 2580 1368 2639 fatti
1381 2579 1464 2645 fuere,
1480 2600 1510 2639 a·

489 2658 609 2729 agellius
625 2663 705 2721 XVI,
724 2679 767 2732 ¹9·
803 2668 839 2716 Ut
855 2663 879 2716 ei
899 2678 985 2716 necem
1014 2662 1096 2725 mam,
1119 2660 1233 2735 intelligi
1259 2660 1346 2733 potest
1364 2658 1401 2716 de
1421 2660 1513 2737 primu

486 2734 593 2793 alfetre
621 2749 666 2809 per
699 2740 759 2791 vim
781 2739 834 2808 [uis
864 2736 984 2793 munibus
1016 2737 1173 2812 Philippica.
1210 2738 1392 2793 camerarium

488 2826 679 2887 temperarent.
716 2814 792 2869 Plura
812 2812 847 2889 J.
860 2810 904 2867 Fr.
920 2819 986 2867 Gru·
1050 2814 1120 2871 Ibid.
1135 2816 1168 2872 lu
1189 2815 1285 2872 nostris
1298 2818 1326 2873 ἃ
1340 2810 1459 2870 Voiltnn.
1473 2808 1513 2870 le·

489 2892 581 2945 novus
597 2888 709 2947 Obseru.
732 2892 769 2950 ΙΙ,
788 2909 833 2943 20.
872 2892 984 2945 Davus.
1014 2892 1089 2967 gitur
1114 2894 1209 2948 Accius
1231 2890 1274 2947 vel
1296 2891 1405 2956 Alliuss
1437 2890 1513 2956 uud'e

530 2985 547 3020 2
564 2969 596 3023 In
621 2967 749 3023 Numerii
771 2966 872 3045 Fabii]
901 2970 987 3023 Antea
1014 2986 1184 3042 conjeceram
1198 2968 1229 3026 de
1242 2985 1291 3045 qut
1305 2969 1332 3023 iu
1346 2972 1429 3023 Brute
1443 2968 1515 3023 nect.

489 3042 627 3105 mendose,
641 3050 810 3100 innumerum
822 3045 903 3101 Fabii.
925 3046 985 3100 Nos
1015 3046 1037 3102 is
1050 3043 1165 3121 loquitur
1178 3046 1241 3120 ipse:
1260 3043 1332 3119 quod
1349 3042 1512 3119 praeceplffe

370 3140 372 3143 ·
489 3138 524 3176 ex
554 3122 670 3198 antiquis
700 3121 774 3178 libris
805 3122 984 3179 restituimur:
1014 3124 1173 3179 Gronovium
1188 3120 1377 3179 filiumvldeo.
1396 3122 1511 3177 Daviet.

489 3210 546 3254 tres
565 3200 639 3255 enim
664 3198 736 3254 Fabii
762 3201 879 3256 littores
900 3199 983 3262 fuere,
1049 3200 1169 3275 4Vrsum
1185 3198 1217 3273 est
1231 3198 1370 3274 insomnis,
1385 3197 1519 3273 pastorem-

441 3304 443 3307 ·
489 3273 553 3330 elati
574 3292 671 3330 omnes
700 3277 863 3352 antiquitatis
880 3279 985 3335 notitia,
1013 3276 1051 3332 ad
1069 3297 1110 3332 me
1125 3274 1252 3352 appellere
1267 3281 1346 3331 Pecus
1362 3274 1514 3348 lanigerum

488 3348 639 3427 Qiudlus,
675 3352 836 3415 Numerius,
865 3356 988 3418 Servium
1014 3357 1111 3410 eximia
1130 3351 1329 3426 pulchritudine,
1355 3358 1428 3407 Duos
1453 3369 1513 3408 ctu*

488 3447 608 3502 quorum
632 3428 828 3505 antiquliltmus
842 3432 987 3507 Qrinstus.
1008 3433 1159 3506 stangulatus
1174 3432 1267 3486 arietes
1287 3427 1344 3486 lule
1358 3426 1436 3506 eligi]
1452 3431 1513 3485 Hos

489 3504 677 3562 Nominantur
709 3524 724 3560 a
753 3509 841 3568 Livio,
867 3508 986 3581 Agellio,
1016 3505 1115 3568 versus,
1131 3508 1177 3585 qui
1191 3521 1268 3563 antea
1282 3506 1454 3581 praepostero
1466 3523 1512 3561 or·

488 3582 627 3645 macrobio.
646 3579 738 3657 orosto,
755 3586 842 3651 Nouio,
857 3589 985 3643 Cicerone.
1016 3586 1079 3642 dine
1093 3583 1216 3640 collocati
1235 3581 1400 3659 legebantur,
1419 3582 1457 3637 ita
1469 3581 1514 3637 di·

492 3662 520 3715 t.
537 3662 687 3718 Minuciul.
861 3677 865 3685 ’
1021 3660 1218 3738 gerendoselle
1236 3661 1379 3719 admonuit
1390 3665 1514 3715 Muretus

530 3738 599 3792 ibid.
617 3741 649 3795 ln
673 3738 800 3794 Numerii
820 3737 891 3794 Fabii
912 3738 988 3794 Pille-
1018 3741 1046 3793 in
1060 3735 1284 3801 annotationibus,
1303 3756 1367 3815 quas
1380 3737 1408 3793 in
1421 3742 1516 3792 Teren·

488 3811 552 3887 ris]
583 3815 626 3870 Sic
655 3815 770 3871 restituit
795 3816 869 3871 hunc
896 3815 989 3872 locum
1018 3818 1086 3870 rium
1101 3814 1194 3871 edidit.
1232 3821 1260 3872 P.
1273 3816 1425 3871 Mauricius.

488 3893 620 3962 Sigonius,
649 3910 714 3947 curn
747 3907 821 3947 antea
855 3891 990 3968 legeretur
1055 3892 1123 3948 lbid.
1147 3889 1243 3947 Visu'st
1264 3896 1290 3947 iu
1298 3893 1393 3966 somnis
1407 3887 1512 3966 paster]

489 3969 516 4021 iu
529 3986 669 4024 numerum
686 3966 760 4023 Fabii
773 3970 884 4025 Picluris.
912 3968 990 4025 Plane
1018 3968 1111 4045 Vulgo
1127 3969 1213 4043 uisum
1230 3968 1401 4040 esliusomuis
1421 3965 1514 4042 pallor,

490 4042 629 4100 mendose.
666 4044 789 4100 Lumbiu.
1019 4063 1070 4101 nec
1091 4045 1165 4103 aliter
1186 4064 1201 4102 e
1224 4046 1319 4101 nostris
1337 4042 1415 4101 Paris.
1439 4041 1515 4099 Med.
1585 4047 1588 4052 ’

529 4126 604 4198 3De
623 4139 673 4201 quo
695 4124 722 4180 iu
736 4126 819 4179 Brute
836 4120 933 4180 Accius
953 4118 988 4179 le·
1020 4124 1140 4183 Metron.
1154 4124 1227 4201 Reg·
1249 4119 1402 4184 &canuit
1439 4122 1517 4177 Hanc

1457 4207 1526 4255 W&
