3784 5084
694 538 1190 645 L1nan1‚9‚·16.
1446 557 1499 664 '1'9

408 698 528 777 *Nec
554 698 632 776 hoe
657 694 816 796 quidem
839 718 996 795 quaero,
1026 717 1093 776 cut
1112 698 1211 782 haec
1229 700 1340 781 arbor
1359 728 1436 786 una

407 813 630 891 tetflotean
658 828 722 884 aut
741 810 756 856 5
777 831 844 883 cut
866 810 996 886 arandi
1020 818 1280 890 maturitatem
1299 805 1345 891 ad
1368 814 1435 919 fig.
1548 820 1551 824 ·

407 944 507 1002 num
533 924 638 1001 floris
664 921 954 998 adcommodet.
999 927 1084 999 Hoc
1108 921 1191 999 sum
1216 945 1435 1014 contentus.

407 1035 530 1135 quod,
567 1038 683 1111 etiam
710 1028 735 1108 st
762 1032 777 1079 ⁶
796 1055 877 1130 quo
902 1031 1026 1109 modo
1047 1036 1216 1135 quidque
1235 1038 1301 1115 fiat
1323 1041 1435 1140 igno·

405 1172 505 1229 rem.
533 1146 627 1246 quid
657 1143 722 1220 fiat
747 1145 946 1244 intellego
1006 1148 1081 1222 Pro
1105 1152 1215 1224 omni
1238 1152 1353 1251 igitur
1377 1153 1435 1228 di-

405 1262 607 1337 vinatione
628 1257 747 1345 idem,
774 1256 880 1355 quod
897 1279 969 1356 pro
990 1258 1187 1349 rebustus,
1216 1283 1307 1361 quas
1326 1286 1434 1341 com-

406 1372 638 1459 memoravi,
663 1363 921 1469 'respondebo
966 1370 1072 1472 Quid
1096 1370 1364 1451 scammoneae
1379 1398 1434 1453 ra·
1450 1380 1500 1469 ιο

405 1483 470 1559 dix
496 1484 543 1558 ad
563 1481 819 1584 purgandum,
849 1484 863 1529 ⁷
882 1479 975 1576 quid
998 1480 1235 1560 aristolochia
1261 1486 1308 1561 ad
1331 1509 1436 1574 mor-

406 1594 466 1672 sus
492 1595 712 1697 serpentum
736 1583 866 1695 podir,
884 1580 921 1687 (8
938 1616 1034 1691 quae
1058 1615 1208 1672 nomen
1234 1618 1279 1671 ex
1302 1598 1436 1676 inven-

1349 1725 1437 1786 tore

409 1827 472 1871 nam
494 1823 604 1888 recepta
621 1809 732 1868 lediioa
748 1810 854 1868 cundiis
868 1810 911 1865 Cr‘·
942 1824 1039 1867 monet
1060 1809 1157 1872 Plinius
1183 1816 1219 1871 H.
1241 1814 1280 1870 N.
1300 1811 1347 1871 lib.
1371 1835 1439 1874 xxva

406 1893 502 1948 termis
519 1896 548 1952 δι
561 1889 637 1948 Plinii
656 1889 802 1965 praestatur
817 1901 910 1944 exem·
939 1908 999 1963 cap.-
1018 1889 1046 1945 8.
1064 1891 1123 1948 Nifi
1139 1890 1228 1948 forsan
1242 1895 1333 1967 potius
1347 1892 1440 1969 legen-

406 1969 525 2045 piaribus
532 1992 542 2036 3
562 1968 639 2045 ³quin
668 1970 695 2024 dc
717 1962 911 2043 Theophrastus,
939 1967 1006 2024 dum
1025 1967 1067 2029 fit,
1088 1969 1154 2045 quid
1169 1968 1341 2028 scammonea
1356 1973 1439 2028 radix

407 2052 515 2104 Aratus
533 2064 564 2103 ac
581 2044 809 2120 Geoponicotum
825 2042 909 2117 scrip-
936 2046 975 2101 ad
989 2046 1174 2121 purgandum,
1197 2047 1267 2126 quod
1279 2046 1439 2121 aristolochia

405 2126 520 2182 torvhac
542 2124 572 2181 in
594 2141 624 2178 re
652 2116 745 2197 rapuit
759 2125 787 2181 δι
813 2119 909 2196 upxin
938 2123 977 2179 ad
997 2126 1093 2198 morsus
1107 2126 1259 2200 serpentum
1278 2129 1354 2202 prffit.
1391 2126 1436 2183 Sic

404 2202 546 2261 adhibent.
582 2200 672 2257 Idemr
937 2202 1011 2257 enim
1038 2200 1159 2278 loquitur
1182 2204 1270 2259 noster
1294 2202 1364 2262 infra
1386 2202 1435 2261 libr

438 2289 537 2356 4Nec
552 2277 613 2351 hac]
630 2277 726 2347 Malim
742 2296 773 2334 ne
788 2274 834 2333 hoc
849 2278 908 2355 qui·
938 2281 976 2335 11.
1000 2296 1058 2351 cap.
1090 2297 1137 2334 20.
1171 2280 1330 2353 Prognostica
1354 2281 1437 2353 nostra

404 2362 463 2418 dem
479 2375 588 2437 quaero.
626 2354 707 2411 Idem.
935 2352 1139 2431 pronuntiabas,
1164 2355 1318 2429 &genera
1341 2355 1437 2412 herim
1480 2375 1483 2381 ’

443 2444 535 2513 5Crrr
550 2432 646 2490 arandi
668 2434 856 2489 maturitatem
871 2430 909 2484 ad
936 2453 1014 2494 rum,
1039 2430 1241 2488 scammoneam
1261 2432 1438 2489 Aristolochi-

398 2512 507 2590 fignum
521 2509 597 2589 floris
624 2507 830 2587 adcommoda]
865 2506 907 2562 Ab
936 2528 1035 2586 amque
1049 2508 1171 2563 radicem.
1210 2510 1260 2564 Sed
1276 2509 1314 2565 ibi
1328 2521 1438 2587 quoque

404 2590 455 2650 hac
468 2591 588 2649 ledione
600 2607 658 2644 non
671 2588 770 2645 abeunt
783 2601 829 2642 aut
841 2584 907 2639 editi
931 2590 1109 2661 scammoneae
1118 2584 1350 2664 Arpirlochr'aeque
1365 2588 1440 2643 radi-

405 2670 525 2728 Codices
536 2681 584 2723 aut
597 2667 696 2722 Mssti.
719 2662 791 2720 Mihi
805 2678 905 2721 tamen,
936 2685 991 2720 cem
1006 2660 1099 2721 scribit
1112 2663 1186 2727 idem
1201 2666 1242 2720 vir
1256 2663 1439 2725 doenffimuc
1545 2724 1547 2729 ,

419 2744 583 2823 raepofitr'o'ne
606 2742 779 2819 transposita,
810 2738 905 2795 rescri-
939 2740 1146 2798 Aristolochiam
1182 2760 1247 2798 vero
1278 2741 1437 2819 serpentum

400 2756 527 2882 iendum
549 2820 665 2882 videtur,
691 2831 739 2877 cur
757 2814 796 2875 aas
809 2816 905 2872 arandi
938 2819 1202 2876 morfibuscurandis
1213 2818 1307 2876 utilem
1321 2821 1371 2877 esse
1384 2822 1438 2877 do-

357 2949 360 2954 ⁴
402 2906 594 2959 maturitatem
614 2917 706 2973 rgnum
713 2896 788 2975 floris
799 2896 903 2951 arlcom·
937 2895 1192 2971 centTheuphrastus
1207 2898 1274 2951 Hisi.
1290 2897 1373 2953 Plant.
1386 2897 1434 2955 lib.

401 2981 504 3047 modet3
551 2977 645 3053 fruges
677 2980 753 3031 enim
790 2970 904 3028 fundens
937 2994 975 3031 rx.
1000 2994 1059 3049 cap.
1081 2992 1127 3028 22.
1150 2979 1177 3030 δι
1201 2972 1298 3029 Plinius
1322 2991 1386 3039 xxv,
1408 2976 1438 3033 8.

402 3053 563 3117 Lentiscus,
592 3053 684 3110 arandi
698 3068 809 3127 tempus
826 3066 905 3104 mon·
937 3070 1012 3112 xxvr,
1038 3052 1065 3107 8.
1106 3051 1177 3107 Vide
1207 3047 1271 3107 Gul.
1288 3058 1435 3108 Canterum

401 3136 484 3193 strare
503 3131 671 3192 censebatur.
707 3132 787 3185 Idem.
938 3132 1013 3185 Nov.
1027 3130 1101 3184 Lest.
1116 3126 1161 3183 lib.
1175 3130 1197 3186 Ι,
1211 3145 1235 3183 c.
1254 3130 1435 3207 14.&Jrun.·

437 3210 623 3286 6Qromodo
635 3208 747 3285 quidque
752 3202 822 3281 fiat]
839 3201 906 3258 Vui-
938 3209 1084 3262 Bromium
1096 3204 1172 3262 Misc.
1184 3204 1265 3262 libii.
1280 3224 1304 3261 c.
1314 3224 1339 3261 2.
1355 3208 1437 3268 Idume

402 3310 440 3369 8⁰
455 3311 508 3367 ‘3¹⁴⁰
525 3286 638 3380 ‘puilia‘
645 3284 710 3359 fiat,
730 3289 758 3344 &
775 3285 812 3340 ita
825 3279 904 3373 pleri·
972 3304 989 3358 8
1008 3300 1097 3383 Qut
1116 3322 1206 3358 nomen
1226 3322 1259 3358 ex
1280 3306 1388 3361 inuenta
1406 3296 1443 3361 re*
1515 3329 1517 3331 ·

400 3366 593 3459 quie-efflet&
632 3365 903 3421 Necmfflm’mm
935 3386 1049 3455 reperit]
1089 3380 1132 3435 Sic
1157 3381 1269 3447 restitui,
1293 3381 1438 3438 ceniffirna

417 3484 449 3520 uo
471 3481 528 3540 pro
546 3455 668 3536 quomoda
690 3454 806 3513 scribere
839 3450 905 3508 sole·
937 3459 1093 3533 conjedtura
1115 3457 1221 3514 dusius.
1266 3463 1340 3516 Nam
1362 3458 1437 3516 nullo

451 3554 464 3597 t
496 3536 628 3600 Librarii3
674 3534 790 3609 proinde
821 3529 906 3587 facilis
938 3536 1024 3593 modo
1039 3534 1119 3591 leciio
1134 3534 1249 3611 vulgata,
1269 3558 1303 3592 ex
1318 3540 1438 3591 inventa·
1506 3543 1512 3554 ’

401 3632 561 3675 mtetror.
598 3612 747 3673 Lefflonis»
767 3628 848 3686 quam
865 3626 904 3663 re·
937 3636 980 3677 re,
1007 3612 1071 3668 ferri
1096 3627 1210 3688 poterat.
1237 3629 1268 3669 ut
1290 3612 1437 3670 rectissime

401 3696 537 3771 cepimus,
550 3692 675 3749 auctores
691 3687 753 3745 sunt
773 3690 845 3764 Reg.
863 3704 905 3761 pr.
934 3691 1039 3767 judicat
1063 3699 1132 3746 Patr.
1149 3692 1278 3755 Wrsorius,
1294 3697 1320 3749 &
1336 3692 1437 3749 imme·

403 3776 427 3831 dt
442 3765 552 3830 ueteres
567 3768 645 3825 editi.¹
684 3766 767 3822 Idem.
937 3771 992 3824 rito
1010 3767 1217 3843 reprehenditur
1232 3768 1277 3825 hic
1300 3769 1437 3845 aquibus-

435 3869 451 3923 7
468 3846 558 3932 Quid
570 3840 802 3902 Aristolochiaad
811 3841 906 3915 marsus
937 3846 1013 3902 dam.
1050 3847 1133 3901 Nunc
1154 3848 1182 3900 dc
1202 3843 1331 3903 sententia
1347 3863 1439 3924 aperta

397 3930 545 4003 serpentum
575 3922 663 3997 pofflt]
699 3918 826 3976 Lambino
853 3919 908 3992 pla·
939 3925 985 3985 cst,
1003 3927 1030 3982 δε
1051 3921 1132 3979 verba
1155 3919 1299 3980 sententiae
1314 3935 1443 4003 congru*

403 3998 645 4077 termipolarum,
666 3998 801 4056 nimirum
820 3997 908 4053 radix.
939 4015 998 4062 unt,
1015 4019 1047 4056 nc
1069 3996 1263 4075 uediscrepant
1276 4002 1309 4057 ab
1323 4005 1365 4066 iis,
1373 4012 1449 4081 quaa*

404 4079 433 4140 Et
447 4100 513 4139 vere
527 4078 642 4159 quidem
651 4100 662 4144 3
690 4093 754 4133 nam
770 4076 865 4150 omnia
880 4094 909 4131 e·
941 4078 1027 4134 ceteri
1050 4022 1193 4151 icriptores
1212 4078 1245 4133 de
1264 4079 1443 4136 Aristolochia

944 4153 1127 4213 tradiderunt:
1156 4154 1209 4214 hoc
1225 4156 1300 4212 enim
1315 4156 1383 4213 dicit
1398 4158 1446 4210 Gi·-

920 4224 980 4286 Fa
1095 4261 1096 4265 ,
1151 4238 1152 4241 ’
1300 4244 1302 4248 ·
1376 4239 1441 4301 teta·

402 4157 441 4231 jus
453 4175 560 4241 genera
575 4157 667 4215 radice
686 4162 804 4223 tantum
818 4152 910 4215 valere
