3784 5084
658 501 693 582 Ι,
720 524 739 579 1
766 524 793 579 a
821 522 846 580 u
874 522 928 577 n·
960 502 1008 587 ΙΙ,
1040 501 1101 584 28·
1410 510 1500 616 ’189Ι

400 661 670 746 fremitusnec
694 659 787 737 caeli
798 657 980 741 discessus,
993 682 1065 736 nec
1078 659 1244 763 lapideus
1267 679 1330 739 aut
1347 664 1429 742 san·

401 782 562 879 guineus
578 770 710 855 imber,
724 791 798 848 nec
807 770 977 862 trajectio
990 767 1124 862 ileliae,
1139 797 1210 851 nec
1221 776 1318 851 iaces
1333 776 1431 854 visae

401 889 609 966 terrebunt.
646 877 854 991 ‘Quorum
877 877 1059 958 omnium
1079 884 1201 961 causas
1220 880 1247 959 sr
1269 886 1432 985 aChry-

401 992 505 1100 lippo
519 1018 713 1097 quaeram,
732 994 809 1096 ipse
823 993 887 1070 ille
907 991 1153 1071 divinationis
1167 997 1295 1073 audor
1318 1021 1433 1074 num·
1515 1035 1518 1040 ·

401 1133 518 1211 quam
534 1109 596 1185 illa
609 1107 709 1184 dicet
722 1104 817 1182 fabia
830 1102 1007 1192 fortuito,
1020 1108 1306 1205 naturalemque
1318 1110 1431 1185 ratio·

402 1242 495 1297 nem
517 1221 698 1296 omnium
711 1215 864 1293 reddet:
893 1213 991 1291 nihil
1004 1217 1111 1291 enim
1130 1216 1210 1292 fieri
1231 1212 1307 1296 line
1322 1220 1432 1297 causa

401 1325 553 1431 potest:
576 1329 873 1426 necquicquam
894 1322 1070 1425 fir‚quod
1087 1323 1167 1405 fieri
1180 1351 1263 1407 non
1286 1332 1431 1432 potest:

403 1465 489 1532 nec,
517 1432 546 1516 st
567 1440 604 1517 id
628 1437 769 1515 fadum
794 1431 969 1536 estquod
1000 1441 1125 1536 potuit
1156 1434 1248 1521 fieri,
1276 1459 1433 1542 porten-

402 1569 488 1627 tum
509 1547 622 1628 debet
653 1549 794 1626 videti:
840 1548 946 1623 nulla
969 1547 1084 1647 igitur
1119 1568 1294 1648 portenta
1329 1542 1454 1630 sunt.v

401 1661 509 1738 Nam
523 1655 563 1743 fi,
589 1659 697 1759 quod
715 1679 799 1736 raro
825 1652 881 1747 fir,
911 1654 948 1733 id
974 1677 1195 1757 portentum
1215 1662 1432 1761 putandum

403 1770 477 1859 esta
501 1772 710 1873 sapientem
734 1766 806 1846 esse
824 1786 1048 1870 portentum
1070 1768 1142 1846 est:
1173 1770 1313 1871 saepius
1325 1774 1434 1850 enim

401 1881 550 1959 mulam
586 1880 761 1985 peperisse
797 1880 958 1957 arbitror
989 1901 1106 1977 quam
1139 1879 1348 1984 sapientem
1372 1884 1429 1961 fu·

400 1991 477 2071 ilie.
533 1993 602 2070 Illa
621 1995 735 2095 igitur
756 1993 853 2068 ratio
874 1990 1131 2080 concluditur,
1154 2017 1227 2071 nec
1250 1993 1302 2083 id,
1324 1994 1432 2093 quod

401 2126 485 2181 nou
514 2107 680 2207 potuerit
706 2100 800 2192 lieri,
829 2098 971 2177 sadum
999 2123 1186 2200 umquam
1214 2103 1308 2192 esse3
1358 2130 1433 2185 nec

401 2215 509 2315 quod
533 2215 711 2316 potuerit,
742 2212 780 2289 id
803 2230 1029 2313 portentum
1058 2212 1154 2289 elle:
1186 2216 1432 2293 itaomnino

399 2326 555 2403 nullum
584 2324 656 2403 else
673 2343 912 2425 portentum.
955 2323 1072 2427 Quod
1094 2326 1210 2401 etiarn
1236 2328 1434 2420 conjector

401 2438 561 2536 quidam
598 2434 637 2513 δι
671 2437 853 2537 interpres
880 2451 1152 2535 portentorum
1184 2459 1265 2512 non
1301 2437 1434 2513 inscite

401 2545 635 2649 respondisse
663 2545 800 2640 dicitur
820 2548 870 2635 ei,
907 2546 1010 2643 tqui
1033 2566 1123 2638 cum
1147 2546 1191 2623 ad
1219 2570 1310 2621 eum
1335 2568 1433 2624 retu·

400 2659 497 2735 liller
522 2652 624 2760 quast
654 2645 883 2746 ostentum,'
906 2654 1013 2755 quod
1048 2657 1179 2754 anguis
1210 2658 1321 2734 domi
1343 2649 1434 2736 ⁸ve·

400 2770 506 2847 &em
530 2769 791 2863 circumsessus
815 2765 963 2844 suisset:
1010 2780 1085 2841 tum
1112 2762 1203 2873 esset,
1233 2770 1373 2869 inquit,
1401 2796 1436 2843 o·

1277 2876 1436 2978 stentum

404 3002 483 3043 more
496 2987 723 3045 martinianae·
745 2984 828 3040 Certe
837 2979 908 3040 mul·
971 2984 989 3037 6
1017 2985 1145 3060 Quorum
1172 2988 1287 3043 omnium
1320 2986 1437 3122 causas}

402 3079 463 3122 tum
479 3063 560 3127 abest,
583 3080 613 3122 ut
628 3063 698 3119 illam
718 3053 838 3133 crispina·
857 3063 906 3116 im·
937 3058 1032 3135 Vulgo
1058 3079 1175 3135 quarum
1207 3067 1331 3129 omnium,
1362 3086 1417 3141 quo

400 3139 506 3216 probent
538 3140 687 3219 sequentia:
718 3137 787 3196 clare
819 3138 908 3214 potius
937 3152 992 3193 ram
1013 3138 1164 3203 Latinitate,
1183 3158 1264 3215 quam
1283 3144 1362 3198 MSto
1378 3143 1439 3200 ual-

403 3218 514 3274 firmant
543 3224 571 3277 δι
603 3214 747 3274 stabiliunt.
794 3221 838 3271 Ita
872 3227 907 3273 te,
937 3212 993 3272 liol.
1009 3212 1155 3288 flagitante,
1164 3220 1338 3276 mutavimus.
1357 3220 1441 3279 Idem.

404 3293 516 3369 subjicit
528 3296 626 3356 noster,
650 3313 697 3349 nec
719 3290 907 3368 terraefremt'·
977 3308 992 3362 7
1018 3288 1085 3370 Q
1110 3308 1174 3348 cum
1201 3295 1240 3351 ad
1260 3294 1347 3373 eum]
1369 3299 1441 3373 Regu

402 3385 447 3427 tus
458 3401 493 3418 -
502 3390 548 3429 aec
562 3372 680 3451 trajetiio
690 3366 792 3442 stellae,
807 3388 853 3424 nec
866 3366 895 3430 sa
938 3366 1078 3445 quiddam:
1103 3368 1182 3425 Paris
1196 3386 1300 3436 autem,
1315 3372 1389 3430 Med.
1399 3378 1440 3433 ·&

402 3450 531 3522 cervisae
551 3466 732 3507 runnruuur.
770 3447 805 3503 Et
830 3442 909 3519 paulu
938 3442 1037 3501 Balliol.
1068 3446 1207 3521 quoddam.
1267 3451 1357 3512 Forte.
1393 3454 1443 3528 qui

402 3540 476 3583 aute:
501 3532 546 3581 Aa
560 3525 688 3583 vertisla
708 3539 908 3584 narrarentur,
938 3520 1075 3599 quondam
1097 3528 1134 3577 ad
1152 3542 1212 3581 eum
1231 3526 1371 3602 retultffeta
1397 3526 1440 3585 vei

395 3598 425 3676 fi
442 3603 546 3678 quando
560 3601 655 3680 aliqua
677 3598 904 3675 portentaja—
938 3616 1009 3663 cum,
1028 3597 1134 3658 silibet,
1150 3599 1278 3660 deleatur.
1313 3604 1395 3660 Idem.

403 3676 537 3736 dicuntur.
573 3682 647 3745 llaec
671 3676 738 3741 loca,
757 3676 806 3733 nili
824 3673 901 3731 fallor
975 3675 992 3730 8
1013 3677 1111 3738 Vellem
1125 3678 1318 3735 circumnexus
1337 3678 1462 3755 sufflet}-

404 3769 531 3811 terrorem
561 3774 653 3813 veram
683 3752 736 3810 effe
763 3750 908 3809 lectioucm
939 3753 982 3809 Sic
1004 3750 1083 3808 habet
1105 3752 1172 3810 libet
1191 3774 1262 3813 unus
1285 3757 1343 3813 MS.
1381 3760 1442 3813 Ma-

403 3832 600 3889 demorrstrant.
639 3834 748 3889 Davies.
938 3830 986 3884 lim
1023 3842 1115 3888 tamen
1155 3834 1223 3887 vetii
1260 3833 1443 3893 circumactam

440 3917 604 3983 5Naturae
634 3911 734 3965 rarione
765 3904 909 3986 depellite]
939 3905 1011 3981 effen
1030 3905 1079 3963 uisr
1093 3908 1154 3985 quis
1174 3908 1247 3965 dicat
1267 3908 1319 3965 csse
1340 3909 1441 3980 drapa-

405 3985 585 4063 Physrologia‚
613 4003 696 4065 quam
727 3999 843 4041 naturae
865 4003 906 4040 ra·
939 3993 989 4049 φιν,
1008 3986 1044 4047 &‚
1065 4002 1117 4058 pro
1132 3986 1229 4041 circum
1245 3988 1345 4044 vessem
1360 4007 1445 4046 nexus·

400 4067 499 4197 eptem
532 4064 642 4126 vocarit
670 4060 716 4137 lib.
750 4066 773 4138 l.
800 4078 827 4117 ε.
863 4079 909 4139 4¹·
932 4060 1029 4148 fuiffet,
1048 4062 1148 4136 vectem
1164 4058 1443 4142 circumaexursueffet

398 4146 481 4201 lena
1319 4144 1440 4217 politum

1433 4420 1452 4451 Γ
