3784 5084
513 635 518 642 ¹
625 532 660 622 L
706 559 889 620 ntea
941 538 973 634 1,
1005 564 1067 634 51,
1097 545 1160 634 51.
1428 548 1506 636 αι’

378 662 389 690 9

400 706 511 788 hunc
530 706 661 783 locum
681 703 857 780 continet
883 700 931 777 de
951 724 1032 800 quo
1052 704 1209 804 agimus,
1227 702 1309 781 Esse
1330 708 1438 791 deos.

405 826 446 918 ὰ
481 840 620 895 cotum
656 814 894 917 providentia
936 814 1130 890 mundum
1173 818 1434 900 administrati.

402 929 639 1028 eosdemque
669 925 867 1004 consulere
897 924 1017 999 rebus·
1041 924 1246 1014 humanis;
1276 953 1348 1007 nec
1378 918 1437 1006 ¹so·

403 1045 490 1119 lum
512 1034 703 1129 universis,
743 1056 876 1115 verum
912 1038 1028 1109 etiam
1056 1032 1217 1136 singulis.
1275 1040 1378 1119 Haec
1407 1037 1434 1127 st

404 1172 603 1232 tenemus,
650 1171 747 1249 quae
799 1145 898 1223 mihi
933 1145 1092 1243 quidem
1136 1172 1218 1223 non
1254 1153 1434 1229 videmur

370 1338 372 1346 ,
402 1264 507 1367 poffe
531 1260 723 1347 convelli;
760 1258 935 1361 profecio
958 1256 1182 1333 hominibus
1209 1262 1262 1334 5a
1282 1258 1353 1339 Dis
1376 1264 1433 1339 fu·

404 1393 490 1451 tuta
512 1369 711 1475 fignificati
735 1371 878 1447 neceffe
901 1369 964 1445 est.
1023 1368 1095 1444 Sed
1123 1372 1431 1472 distinguendum
1448 1406 1496 1473 52

403 1488 577 1575 videtum
609 1504 784 1583 quonam
830 1482 967 1558 modo.
1039 1472 1190 1557 ‘Nam
1231 1508 1315 1561 non
1356 1491 1431 1586 pla·

404 1620 467 1674 cet
501 1587 652 1683 Stoicis,
692 1587 844 1693 'fingulis
878 1594 1050 1685 iecorum
1082 1586 1172 1667 fiffis
1206 1614 1270 1670 aut
1304 1600 1433 1676 avium

404 1710 581 1795 cantibus
616 1703 787 1782 intereffe
821 1701 975 1780 Deum:
1028 1706 1284 1802 nequeenim
1321 1709 1435 1785 dcco·
1520 1793 1522 1797 μ

403 1843 492 1902 tum
517 1818 579 1900 est,
607 1839 681 1893 nec
705 1808 777 1901 Dis
801 1813 977 1919 dignum,
1008 1837 1081 1889 nec
1109 1814 1189 1890 fieti
1216 1818 1299 1893 ullo
1322 1822 1434 1920 paeto

401 1930 546 2043 potest:
578 1928 710 2009 sedita
726 1949 746 2001 a
765 1926 956 2028 principio
977 1924 1201 2003 inchoatum
1226 1910 1296 2004 e‘sse
1318 1952 1430 2009 mun..

402 2042 514 2131 dum,
543 2059 586 2131 ut
614 2038 723 2117 cettis
747 2036 859 2124 rebus
883 2056 985 2114 certa
1006 2032 1107 2138 figna
1133 2028 1431 2139 praecurrerent,

400 2153 476 2238 alia
498 2154 540 2228 in
564 2144 671 2239 extis,
701 2151 773 2227 alia
799 2152 840 2225 in
870 2149 1014 2238 avibus,
1044 2151 1114 2225 alia
1142 2152 1183 2226 in
1207 2152 1432 2252 fulgoribus,

401 2266 475 2338 alia
494 2265 537 2340 in
561 2264 729 2351 ostentis,
757 2262 830 2337 alia
851 2261 893 2334 in
914 2259 1039 2350 stellis,
1079 2261 1149 2335 alia
1174 2264 1214 2338 in
1238 2263 1431 2341 somnian-
1470 2293 1476 2300 ·

400 2378 506 2467 tium
527 2370 623 2463 vifis,
650 2375 721 2448 alia
744 2374 784 2447 in
809 2370 1021 2460 furentium
1046 2373 1214 2449 vocibus.
1272 2374 1326 2451 Ea
1348 2377 1432 2473 qui-

402 2486 475 2562 bus
497 2486 594 2562 bene
617 2501 791 2587 percepta
809 2481 909 2572 sunt,
939 2481 980 2558 hi
999 2504 1082 2558 non
1103 2483 1209 2584 saepe
1234 2482 1430 2569 falluntur,
1469 2494 1470 2497 ‘

400 2597 511 2673 Male
532 2597 703 2691 conjeaa
719 2600 732 2642 ⁷
750 2594 929 2691 maleque
953 2597 1207 2695 interpretata.
1220 2594 1307 2671 falsa
1330 2592 1430 2689 sunt,

400 2730 644 2801 montetum
676 2705 786 2797 vitio,
828 2704 891 2789 sed
929 2698 1183 2806 interptetum
1220 2704 1430 2785 inscientia.

399 2920 443 2980 vel
466 2922 665 2999 confifflonibns,
697 2926 752 3004 ejus
768 2920 901 2999 fabricam
932 2920 1013 2981 trusa.
1048 2923 1129 2981 Idem.

400 2998 558 3064 haberemus
564 3026 574 3068 3
599 3002 675 3060 aliter
697 3002 774 3059 enim
793 2999 900 3060 sensum
969 3018 988 3073 5
1008 3005 1037 3055 A
1047 3004 1105 3056 Diis
1115 2997 1258 3077 fignificati
1273 3002 1361 3078 necefft
1382 3002 1429 3077 esi]

401 3097 511 3154 nequeo
546 3079 730 3140 commodum
760 3077 901 3155 expiscari.
930 3077 1010 3154 Quia,
1039 3075 1186 3136 secundum
1214 3078 1328 3139 Stoicos,
1344 3076 1373 3153 st
1390 3076 1431 3147 Di

399 3159 516 3224 Davies.
792 3214 794 3217 ,
926 3157 998 3224 (unt,
1020 3151 1053 3227 est
1077 3155 1213 3211 divinatio·
1259 3155 1331 3212 Vide
1351 3154 1430 3233 supra

442 3252 456 3308 3
480 3240 575 3290 Totam
597 3232 666 3291 hanc
686 3231 854 3311 quaestionem
871 3253 902 3290 ea
930 3248 990 3310 cap.
1017 3249 1056 3287 vt.
1094 3232 1175 3289 Idem.

399 3313 486 3383 ratio]
519 3314 590 3389 Reg.
612 3316 639 3370 δι
662 3311 775 3367 Cantab.
797 3308 903 3370 inverso
968 3309 1080 3365 6Nam
1096 3328 1145 3365 non
1160 3309 1246 3386 placet
1262 3308 1376 3389 Stoicis]
1404 3313 1428 3368 A

399 3388 500 3445 ordine
510 3387 585 3454 dant,
599 3403 686 3448 totam
700 3386 769 3444 banc
776 3390 902 3443 rationem
931 3385 1045 3465 vulgatis
1059 3385 1130 3443 abest
1148 3390 1237 3463 prima
1260 3406 1322 3452 vox,
1345 3407 1429 3467 quam

399 3484 433 3529 ea
448 3466 570 3542 quaestio.
616 3465 666 3523 Sed
687 3478 794 3538 recepta
813 3464 903 3527 leitio,
931 3482 981 3520 nos
996 3481 1030 3520 ex
1048 3461 1127 3522 Paris.
1143 3465 1217 3524 Med.
1235 3464 1334 3524 Balliol.
1357 3470 1428 3523 Ven.

400 3561 471 3619 quae
503 3544 583 3600 Paris.
611 3542 687 3600 Med.
717 3540 825 3617 aliisque
855 3542 903 3600 stat
936 3560 1019 3615 ¹471·
1049 3546 1076 3602 &
1111 3543 1219 3608 Victor.
1251 3541 1430 3615 repraesenta·

402 3619 516 3685 MSStis,
533 3619 596 3677 loco
609 3634 713 3682 temere
723 3638 780 3681 non
789 3618 828 3676 est
840 3637 902 3678 mo·
931 3638 1005 3676 mus:
1034 3622 1062 3677 &
1078 3617 1139 3686 sane
1153 3619 1232 3679 habet
1244 3620 1325 3698 quod
1340 3619 1386 3675 hic
1400 3638 1428 3693 a.-

400 3697 498 3755 venda.
534 3698 616 3756 adem.
929 3710 984 3775 gat.
1021 3697 1101 3756 Idem.

437 3792 458 3847 4
477 3773 568 3832 Stabit
587 3773 662 3838 iilud,
686 3774 754 3851 quod
775 3770 846 3837 hunc
865 3772 924 3829 lo-.
968 3774 1127 3851 7Maleque
1142 3774 1327 3847 intetprctata]
1346 3770 1430 3847 Agel-

400 3871 462 3925 fum
476 3852 608 3930 continet]
628 3850 721 3927 Vulgo
740 3850 823 3924 flabit
836 3848 904 3907 illud
929 3850 963 3908 lio
977 3853 1005 3907 in
1025 3868 1147 3908 mentem
1169 3848 1222 3911 fuit
1244 3848 1322 3916 hicce
1342 3849 1428 3915 locus.

402 3930 525 4005 quidem,
541 3931 610 4006 quod
624 3929 694 3986 hunc
715 3927 800 3985 locum
822 3931 900 3985 conti·
929 3947 995 3985 cum
1025 3932 1199 4003 interpretata
1233 3926 1429 4002 significatione

403 4021 456 4068 nat.
503 4010 555 4063 Sed
588 4010 697 4064 tertiam
722 4024 820 4063 vocem
844 4024 901 4063 non
929 4006 1026 4081 paffiva
1055 4005 1149 4061 dixiffe
1175 4001 1295 4060 Tullium
1316 4007 1343 4060 in
1361 4006 1426 4061 libro

404 4082 557 4157 agnoscunt
572 4082 651 4141 Paris.
670 4083 744 4139 Med.
757 4081 857 4140 Balliol.
873 4086 900 4141 δι
926 4085 1010 4158 primo
1023 4083 1053 4139 de
1075 4084 1244 4138 Divinatione
1266 4086 1426 4143 memorarit

403 4159 517 4245 Qui).
533 4174 732 4241 “quemqe
746 4160 906 4238 viimi&
929 4160 1014 4235 Nm„
1033 4180 1078 4238 ΧΥ,
1099 4178 1143 4237 ¹3·
1179 4159 1262 4237 ΨΦ
1382 4234 1424 4308 m
