<?xml version="1.0" encoding="UTF-8"?>
<!DOCTYPE html PUBLIC "-//W3C//DTD XHTML 1.0 Transitional//EN"
    "http://www.w3.org/TR/xhtml1/DTD/xhtml1-transitional.dtd">
<html xmlns="http://www.w3.org/1999/xhtml" xml:lang="en" lang="en">
 <head>
  <title>
</title>
<meta http-equiv="Content-Type" content="text/html;charset=utf-8" />
  <meta name='ocr-system' content='tesseract 3.04.00' />
  <meta name='ocr-capabilities' content='ocr_page ocr_carea ocr_par ocr_line ocrx_word'/>
</head>
<body>
  <div class='ocr_page' id='page_1' title='image "./mtulliiciceroni00turngoog_0109.png"; bbox 0 0 3784 5084; ppageno 0'>
   <div class='ocr_carea' id='block_1_1' title="bbox 695 510 1521 642">
    <p class='ocr_par' dir='ltr' id='par_1_1' title="bbox 695 510 1521 642">
     <span class='ocr_line' id='line_1_1' title="bbox 695 510 1521 642; baseline -0.005 -42"><span class='ocrx_word' id='word_1_1' title='bbox 695 512 730 600; x_wconf 69' lang='lat' dir='ltr'>L</span> <span class='ocrx_word' id='word_1_2' title='bbox 759 541 779 599; x_wconf 89' lang='lat'>1</span> <span class='ocrx_word' id='word_1_3' title='bbox 808 537 833 597; x_wconf 80' lang='lat' dir='ltr'>B</span> <span class='ocrx_word' id='word_1_4' title='bbox 862 538 888 597; x_wconf 80' lang='grc' dir='ltr'>Ε</span> <span class='ocrx_word' id='word_1_5' title='bbox 917 537 949 595; x_wconf 85' lang='lat' dir='ltr'>R</span> <span class='ocrx_word' id='word_1_6' title='bbox 1002 510 1032 612; x_wconf 78' lang='lat' dir='ltr'>I,</span> <span class='ocrx_word' id='word_1_7' title='bbox 1061 516 1128 615; x_wconf 47' lang='lat'>42)</span> <span class='ocrx_word' id='word_1_8' title='bbox 1157 517 1224 616; x_wconf 64' lang='lat'>43}</span> <span class='ocrx_word' id='word_1_9' title='bbox 1465 524 1521 642; x_wconf 52' lang='lat'>‘92</span> 
     </span>
    </p>
   </div>
   <div class='ocr_carea' id='block_1_2' title="bbox 411 675 1534 3183">
    <p class='ocr_par' dir='ltr' id='par_1_2' title="bbox 411 675 1534 3183">
     <span class='ocr_line' id='line_1_2' title="bbox 425 675 1458 788; baseline 0.009 -34"><span class='ocrx_word' id='word_1_10' title='bbox 425 679 568 781; x_wconf 76' lang='lat' dir='ltr'>partim</span> <span class='ocrx_word' id='word_1_11' title='bbox 594 702 617 756; x_wconf 88' lang='lat' dir='ltr'>e</span> <span class='ocrx_word' id='word_1_12' title='bbox 646 679 767 788; x_wconf 68' lang='lat' dir='ltr'>coeio,</span> <span class='ocrx_word' id='word_1_13' title='bbox 795 678 869 756; x_wconf 78' lang='lat' dir='ltr'>dia</span> <span class='ocrx_word' id='word_1_14' title='bbox 892 701 937 754; x_wconf 83' lang='lat' dir='ltr'>ex</span> <span class='ocrx_word' id='word_1_15' title='bbox 967 697 1064 759; x_wconf 85' lang='lat' dir='ltr'>terta</span> <span class='ocrx_word' id='word_1_16' title='bbox 1086 682 1314 763; x_wconf 78' lang='lat' dir='ltr'>oriebantur,</span> <span class='ocrx_word' id='word_1_17' title='bbox 1344 675 1458 784; x_wconf 77' lang='lat' dir='ltr'>quae·</span> 
     </span>
     <span class='ocr_line' id='line_1_3' title="bbox 425 787 1453 899; baseline 0.012 -33"><span class='ocrx_word' id='word_1_18' title='bbox 425 790 518 866; x_wconf 77' lang='lat' dir='ltr'>dam</span> <span class='ocrx_word' id='word_1_19' title='bbox 544 793 662 867; x_wconf 84' lang='lat' dir='ltr'>etiam</span> <span class='ocrx_word' id='word_1_20' title='bbox 684 815 729 867; x_wconf 84' lang='lat' dir='ltr'>ex</span> <span class='ocrx_word' id='word_1_21' title='bbox 758 787 969 867; x_wconf 87' lang='lat' dir='ltr'>hominum</span> <span class='ocrx_word' id='word_1_22' title='bbox 995 793 1234 892; x_wconf 86' lang='lat' dir='ltr'>pecudumve</span> <span class='ocrx_word' id='word_1_23' title='bbox 1261 817 1453 899; x_wconf 87' lang='lat' dir='ltr'>conceptu</span> 
     </span>
     <span class='ocr_line' id='line_1_4' title="bbox 423 897 1452 1003; baseline 0.007 -24"><span class='ocrx_word' id='word_1_24' title='bbox 423 897 517 989; x_wconf 61' lang='lat' dir='ltr'>ii&amp;</span> <span class='ocrx_word' id='word_1_25' title='bbox 541 903 653 989; x_wconf 73' lang='lat' dir='ltr'>satus]</span> <span class='ocrx_word' id='word_1_26' title='bbox 686 911 995 1003; x_wconf 70' lang='lat' dir='ltr'>*portentorum</span> <span class='ocrx_word' id='word_1_27' title='bbox 1017 901 1312 984; x_wconf 80' lang='lat' dir='ltr'>exercitatiiiimi</span> <span class='ocrx_word' id='word_1_28' title='bbox 1335 911 1452 986; x_wconf 86' lang='lat' dir='ltr'>intet-</span> 
     </span>
     <span class='ocr_line' id='line_1_5' title="bbox 422 1015 1451 1114; baseline 0.009 -26"><span class='ocrx_word' id='word_1_29' title='bbox 422 1031 550 1114; x_wconf 83' lang='lat' dir='ltr'>pretes</span> <span class='ocrx_word' id='word_1_30' title='bbox 568 1017 785 1092; x_wconf 86' lang='lat' dir='ltr'>extiterunt.</span> <span class='ocrx_word' id='word_1_31' title='bbox 843 1016 1023 1109; x_wconf 87' lang='lat' dir='ltr'>Quorum</span> <span class='ocrx_word' id='word_1_32' title='bbox 1046 1015 1204 1112; x_wconf 89' lang='lat' dir='ltr'>quidem</span> <span class='ocrx_word' id='word_1_33' title='bbox 1225 1020 1317 1108; x_wconf 88' lang='lat' dir='ltr'>vim,</span> <span class='ocrx_word' id='word_1_34' title='bbox 1345 1038 1385 1094; x_wconf 89' lang='lat' dir='ltr'>ut</span> <span class='ocrx_word' id='word_1_35' title='bbox 1406 1038 1451 1098; x_wconf 86' lang='lat' dir='ltr'>tn</span> 
     </span>
     <span class='ocr_line' id='line_1_6' title="bbox 424 1122 1449 1231; baseline 0.011 -34"><span class='ocrx_word' id='word_1_36' title='bbox 424 1122 523 1201; x_wconf 83' lang='lat' dir='ltr'>soles</span> <span class='ocrx_word' id='word_1_37' title='bbox 545 1124 684 1231; x_wconf 83' lang='lat' dir='ltr'>dicere,</span> <span class='ocrx_word' id='word_1_38' title='bbox 725 1124 840 1202; x_wconf 80' lang='lat' dir='ltr'>verba</span> <span class='ocrx_word' id='word_1_39' title='bbox 863 1124 940 1225; x_wconf 87' lang='lat' dir='ltr'>ipsa</span> <span class='ocrx_word' id='word_1_40' title='bbox 963 1126 1168 1226; x_wconf 85' lang='lat' dir='ltr'>prudenter</span> <span class='ocrx_word' id='word_1_41' title='bbox 1191 1151 1211 1203; x_wconf 85' lang='lat' dir='ltr'>a</span> <span class='ocrx_word' id='word_1_42' title='bbox 1240 1130 1449 1224; x_wconf 84' lang='lat' dir='ltr'>majoribus</span> 
     </span>
     <span class='ocr_line' id='line_1_7' title="bbox 421 1230 1448 1341; baseline 0.009 -31"><span class='ocrx_word' id='word_1_43' title='bbox 421 1230 545 1337; x_wconf 77' lang='lat' dir='ltr'>posita</span> <span class='ocrx_word' id='word_1_44' title='bbox 564 1236 774 1314; x_wconf 86' lang='lat' dir='ltr'>declarant:</span> <span class='ocrx_word' id='word_1_45' title='bbox 805 1236 895 1334; x_wconf 82' lang='lat' dir='ltr'>quia</span> <span class='ocrx_word' id='word_1_46' title='bbox 920 1238 1028 1313; x_wconf 89' lang='lat' dir='ltr'>enim</span> <span class='ocrx_word' id='word_1_47' title='bbox 1048 1236 1264 1331; x_wconf 85' lang='lat' dir='ltr'>ostendunt,</span> <span class='ocrx_word' id='word_1_48' title='bbox 1293 1262 1448 1341; x_wconf 86' lang='lat' dir='ltr'>porten-</span> 
     </span>
     <span class='ocr_line' id='line_1_8' title="bbox 420 1344 1446 1451; baseline 0.01 -28"><span class='ocrx_word' id='word_1_49' title='bbox 420 1347 534 1437; x_wconf 88' lang='lat' dir='ltr'>dunt,</span> <span class='ocrx_word' id='word_1_50' title='bbox 555 1344 780 1437; x_wconf 85' lang='lat' dir='ltr'>monstrant,</span> <span class='ocrx_word' id='word_1_51' title='bbox 809 1346 1244 1448; x_wconf 62' lang='lat' dir='ltr'>‘praedicunuostentn</span> <span class='ocrx_word' id='word_1_52' title='bbox 1258 1370 1446 1451; x_wconf 80' lang='lat' dir='ltr'>portenta.</span> 
     </span>
     <span class='ocr_line' id='line_1_9' title="bbox 420 1455 1534 1561; baseline 0.006 -27"><span class='ocrx_word' id='word_1_53' title='bbox 420 1455 604 1549; x_wconf 84' lang='lat' dir='ltr'>monstra,</span> <span class='ocrx_word' id='word_1_54' title='bbox 626 1458 801 1561; x_wconf 83' lang='lat' dir='ltr'>prodigia</span> <span class='ocrx_word' id='word_1_55' title='bbox 821 1459 1012 1535; x_wconf 88' lang='lat' dir='ltr'>dicuntur.</span> <span class='ocrx_word' id='word_1_56' title='bbox 1063 1456 1211 1537; x_wconf 71' lang='lat' dir='ltr'>Arabes</span> <span class='ocrx_word' id='word_1_57' title='bbox 1235 1480 1377 1554; x_wconf 83' lang='lat' dir='ltr'>autem,</span> <span class='ocrx_word' id='word_1_58' title='bbox 1406 1466 1447 1541; x_wconf 80' lang='lat' dir='ltr'>dc</span> <span class='ocrx_word' id='word_1_59' title='bbox 1531 1509 1534 1522; x_wconf 63' lang='lat'>»</span> 
     </span>
     <span class='ocr_line' id='line_1_10' title="bbox 419 1567 1445 1674; baseline 0.004 -28"><span class='ocrx_word' id='word_1_60' title='bbox 419 1569 601 1670; x_wconf 85' lang='lat' dir='ltr'>Phryges,</span> <span class='ocrx_word' id='word_1_61' title='bbox 638 1571 680 1647; x_wconf 81' lang='lat' dir='ltr'>dc</span> <span class='ocrx_word' id='word_1_62' title='bbox 703 1568 856 1651; x_wconf 83' lang='lat' dir='ltr'>Cilices.</span> <span class='ocrx_word' id='word_1_63' title='bbox 882 1570 989 1667; x_wconf 88' lang='lat' dir='ltr'>quod</span> <span class='ocrx_word' id='word_1_64' title='bbox 1017 1567 1119 1671; x_wconf 84' lang='lat' dir='ltr'>pastu</span> <span class='ocrx_word' id='word_1_65' title='bbox 1147 1572 1340 1674; x_wconf 83' lang='lat' dir='ltr'>pecudum</span> <span class='ocrx_word' id='word_1_66' title='bbox 1366 1594 1445 1650; x_wconf 87' lang='lat' dir='ltr'>ma·</span> 
     </span>
     <span class='ocr_line' id='line_1_11' title="bbox 418 1678 1477 1781; baseline 0.003 -22"><span class='ocrx_word' id='word_1_67' title='bbox 418 1682 526 1759; x_wconf 88' lang='lat' dir='ltr'>xime</span> <span class='ocrx_word' id='word_1_68' title='bbox 547 1698 719 1763; x_wconf 83' lang='lat' dir='ltr'>utuntur,</span> <span class='ocrx_word' id='word_1_69' title='bbox 746 1702 901 1781; x_wconf 87' lang='lat' dir='ltr'>campos</span> <span class='ocrx_word' id='word_1_70' title='bbox 926 1685 965 1757; x_wconf 92' lang='lat'>&amp;</span> <span class='ocrx_word' id='word_1_71' title='bbox 994 1701 1148 1756; x_wconf 87' lang='lat' dir='ltr'>montes</span> <span class='ocrx_word' id='word_1_72' title='bbox 1171 1680 1300 1759; x_wconf 86' lang='lat' dir='ltr'>hieme</span> <span class='ocrx_word' id='word_1_73' title='bbox 1323 1687 1362 1761; x_wconf 75' lang='grc' dir='ltr'>δε</span> <span class='ocrx_word' id='word_1_74' title='bbox 1386 1707 1445 1762; x_wconf 86' lang='lat' dir='ltr'>ae·</span> <span class='ocrx_word' id='word_1_75' title='bbox 1474 1678 1477 1687; x_wconf 76' lang='grc'><em>’</em></span> 
     </span>
     <span class='ocr_line' id='line_1_12' title="bbox 417 1766 1534 1894; baseline 0.002 -25"><span class='ocrx_word' id='word_1_76' title='bbox 417 1792 508 1869; x_wconf 83' lang='lat' dir='ltr'>state</span> <span class='ocrx_word' id='word_1_77' title='bbox 538 1766 787 1893; x_wconf 58' lang='lat' dir='ltr'>pdtngtantes,</span> <span class='ocrx_word' id='word_1_78' title='bbox 816 1812 1014 1894; x_wconf 85' lang='lat' dir='ltr'>propterea</span> <span class='ocrx_word' id='word_1_79' title='bbox 1037 1790 1183 1870; x_wconf 86' lang='lat' dir='ltr'>facilins</span> <span class='ocrx_word' id='word_1_80' title='bbox 1211 1812 1344 1871; x_wconf 83' lang='lat' dir='ltr'>cantus</span> <span class='ocrx_word' id='word_1_81' title='bbox 1370 1798 1445 1871; x_wconf 85' lang='lat' dir='ltr'>avi·</span> <span class='ocrx_word' id='word_1_82' title='bbox 1533 1837 1534 1841; x_wconf 17' lang='grc' dir='ltr'><strong><em>κ</em></strong></span> 
     </span>
     <span class='ocr_line' id='line_1_13' title="bbox 417 1900 1444 2010; baseline 0.002 -30"><span class='ocrx_word' id='word_1_83' title='bbox 417 1922 486 2010; x_wconf 85' lang='lat' dir='ltr'>nm</span> <span class='ocrx_word' id='word_1_84' title='bbox 513 1904 730 1981; x_wconf 86' lang='lat' dir='ltr'>&amp;volatus</span> <span class='ocrx_word' id='word_1_85' title='bbox 763 1921 993 1980; x_wconf 86' lang='lat' dir='ltr'>notaverunt</span> <span class='ocrx_word' id='word_1_86' title='bbox 1007 1909 1023 1979; x_wconf 76' lang='grc' dir='ltr'>ε’</span> <span class='ocrx_word' id='word_1_87' title='bbox 1057 1902 1268 2003; x_wconf 86' lang='lat' dir='ltr'>cademque</span> <span class='ocrx_word' id='word_1_88' title='bbox 1300 1908 1339 1982; x_wconf 72' lang='grc' dir='ltr'>δε</span> <span class='ocrx_word' id='word_1_89' title='bbox 1372 1900 1444 1981; x_wconf 85' lang='lat' dir='ltr'>Pst-</span> 
     </span>
     <span class='ocr_line' id='line_1_14' title="bbox 416 1999 1443 2095; baseline 0.002 -4"><span class='ocrx_word' id='word_1_90' title='bbox 416 2014 501 2091; x_wconf 86' lang='lat' dir='ltr'>diae</span> <span class='ocrx_word' id='word_1_91' title='bbox 527 2012 635 2090; x_wconf 78' lang='lat' dir='ltr'>causa</span> <span class='ocrx_word' id='word_1_92' title='bbox 657 2012 730 2090; x_wconf 85' lang='lat' dir='ltr'>fuit</span> <span class='ocrx_word' id='word_1_93' title='bbox 752 2017 791 2091; x_wconf 74' lang='grc' dir='ltr'>δε</span> <span class='ocrx_word' id='word_1_94' title='bbox 815 2012 903 2089; x_wconf 89' lang='lat' dir='ltr'>huic</span> <span class='ocrx_word' id='word_1_95' title='bbox 925 2014 1074 2092; x_wconf 84' lang='lat' dir='ltr'>nostrae</span> <span class='ocrx_word' id='word_1_96' title='bbox 1096 1999 1296 2093; x_wconf 75' lang='lat' dir='ltr'>Umbtiie.</span> <span class='ocrx_word' id='word_1_97' title='bbox 1334 2020 1443 2095; x_wconf 88' lang='lat' dir='ltr'>Tum</span> 
     </span>
     <span class='ocr_line' id='line_1_15' title="bbox 417 2124 1443 2228; baseline 0.003 -26"><span class='ocrx_word' id='word_1_98' title='bbox 417 2124 534 2202; x_wconf 82' lang='lat' dir='ltr'>Catia</span> <span class='ocrx_word' id='word_1_99' title='bbox 558 2143 659 2217; x_wconf 87' lang='lat' dir='ltr'>tota,</span> <span class='ocrx_word' id='word_1_100' title='bbox 696 2127 971 2228; x_wconf 75' lang='lat' dir='ltr'>praecipueque</span> <span class='ocrx_word' id='word_1_101' title='bbox 994 2126 1199 2201; x_wconf 85' lang='lat' dir='ltr'>Teimeiies</span> <span class='ocrx_word' id='word_1_102' title='bbox 1229 2150 1326 2227; x_wconf 89' lang='lat' dir='ltr'>quos</span> <span class='ocrx_word' id='word_1_103' title='bbox 1353 2146 1443 2205; x_wconf 85' lang='lat' dir='ltr'>ante</span> 
     </span>
     <span class='ocr_line' id='line_1_16' title="bbox 415 2236 1442 2337; baseline 0.002 -24"><span class='ocrx_word' id='word_1_104' title='bbox 415 2236 510 2327; x_wconf 76' lang='lat' dir='ltr'>dixi,</span> <span class='ocrx_word' id='word_1_105' title='bbox 534 2239 641 2336; x_wconf 92' lang='lat' dir='ltr'>quod</span> <span class='ocrx_word' id='word_1_106' title='bbox 662 2257 770 2337; x_wconf 85' lang='lat' dir='ltr'>agros</span> <span class='ocrx_word' id='word_1_107' title='bbox 795 2239 1006 2313; x_wconf 83' lang='lat' dir='ltr'>uberrimos</span> <span class='ocrx_word' id='word_1_108' title='bbox 1031 2238 1274 2337; x_wconf 63' lang='lat' dir='ltr'>maximeque</span> <span class='ocrx_word' id='word_1_109' title='bbox 1299 2238 1442 2316; x_wconf 84' lang='lat' dir='ltr'>fertiles</span> 
     </span>
     <span class='ocr_line' id='line_1_17' title="bbox 414 2346 1442 2447; baseline 0 -24"><span class='ocrx_word' id='word_1_110' title='bbox 414 2346 609 2437; x_wconf 89' lang='lat' dir='ltr'>incolunt,</span> <span class='ocrx_word' id='word_1_111' title='bbox 629 2350 671 2423; x_wconf 90' lang='lat' dir='ltr'>in</span> <span class='ocrx_word' id='word_1_112' title='bbox 693 2348 829 2447; x_wconf 86' lang='lat' dir='ltr'>quibus</span> <span class='ocrx_word' id='word_1_113' title='bbox 853 2348 976 2424; x_wconf 86' lang='lat' dir='ltr'>multa</span> <span class='ocrx_word' id='word_1_114' title='bbox 996 2367 1149 2446; x_wconf 88' lang='lat' dir='ltr'>propter</span> <span class='ocrx_word' id='word_1_115' title='bbox 1164 2346 1442 2425; x_wconf 85' lang='lat' dir='ltr'>fecunditatem</span> 
     </span>
     <span class='ocr_line' id='line_1_18' title="bbox 414 2454 1439 2561; baseline -0.001 -27"><span class='ocrx_word' id='word_1_116' title='bbox 414 2454 509 2559; x_wconf 84' lang='lat' dir='ltr'>fingi</span> <span class='ocrx_word' id='word_1_117' title='bbox 538 2461 720 2561; x_wconf 86' lang='lat' dir='ltr'>gignique</span> <span class='ocrx_word' id='word_1_118' title='bbox 744 2456 918 2558; x_wconf 76' lang='lat' dir='ltr'>possunt,</span> <span class='ocrx_word' id='word_1_119' title='bbox 955 2459 997 2532; x_wconf 91' lang='lat' dir='ltr'>in</span> <span class='ocrx_word' id='word_1_120' title='bbox 1025 2456 1181 2532; x_wconf 87' lang='lat' dir='ltr'>ostentis</span> <span class='ocrx_word' id='word_1_121' title='bbox 1206 2460 1439 2534; x_wconf 84' lang='lat' dir='ltr'>animadver-</span> 
     </span>
     <span class='ocr_line' id='line_1_19' title="bbox 414 2568 1505 2675; baseline 0.004 -31"><span class='ocrx_word' id='word_1_122' title='bbox 414 2572 542 2647; x_wconf 83' lang='lat' dir='ltr'>tendis</span> <span class='ocrx_word' id='word_1_123' title='bbox 565 2572 767 2671; x_wconf 86' lang='lat' dir='ltr'>diligentes</span> <span class='ocrx_word' id='word_1_124' title='bbox 785 2570 953 2647; x_wconf 87' lang='lat' dir='ltr'>fuetunt.</span> <span class='ocrx_word' id='word_1_125' title='bbox 996 2568 1092 2675; x_wconf 81' lang='lat' dir='ltr'>Quis</span> <span class='ocrx_word' id='word_1_126' title='bbox 1113 2589 1205 2644; x_wconf 84' lang='lat' dir='ltr'>vcro</span> <span class='ocrx_word' id='word_1_127' title='bbox 1224 2592 1307 2646; x_wconf 90' lang='lat' dir='ltr'>non</span> <span class='ocrx_word' id='word_1_128' title='bbox 1322 2572 1437 2661; x_wconf 84' lang='lat' dir='ltr'>vider,</span> <span class='ocrx_word' id='word_1_129' title='bbox 1451 2580 1505 2657; x_wconf 72' lang='lat'>4³,</span> 
     </span>
     <span class='ocr_line' id='line_1_20' title="bbox 1393 2706 1404 2755; baseline 0 0"><span class='ocrx_word' id='word_1_130' title='bbox 1393 2706 1404 2755; x_wconf 87' lang='lat'>1</span> 
     </span>
     <span class='ocr_line' id='line_1_21' title="bbox 447 2706 1436 2919; baseline 0 -76"><span class='ocrx_word' id='word_1_131' title='bbox 447 2784 516 2844; x_wconf 77' lang='lat' dir='ltr'>lbil.</span> <span class='ocrx_word' id='word_1_132' title='bbox 531 2785 655 2845; x_wconf 84' lang='lat' dir='ltr'>Etenim</span> <span class='ocrx_word' id='word_1_133' title='bbox 669 2787 797 2919; x_wconf 50' lang='lat' dir='ltr'>Aegprii,</span> <span class='ocrx_word' id='word_1_134' title='bbox 811 2789 839 2845; x_wconf 67' lang='grc' dir='ltr'>ὅ(</span> <span class='ocrx_word' id='word_1_135' title='bbox 853 2792 908 2841; x_wconf 84' lang='lat' dir='ltr'>Bu·</span> <span class='ocrx_word' id='word_1_136' title='bbox 938 2783 1144 2859; x_wconf 71' lang='lat' dir='ltr'>supervacaneae</span> <span class='ocrx_word' id='word_1_137' title='bbox 1152 2706 1436 2865; x_wconf 48' lang='lat' dir='ltr'>videnturzquaprolfl</span> 
     </span>
     <span class='ocr_line' id='line_1_22' title="bbox 412 2860 1434 2940; baseline 0.002 -19"><span class='ocrx_word' id='word_1_138' title='bbox 412 2862 519 2940; x_wconf 74' lang='lat' dir='ltr'>bylonii]</span> <span class='ocrx_word' id='word_1_139' title='bbox 534 2865 579 2921; x_wconf 86' lang='lat' dir='ltr'>Sic</span> <span class='ocrx_word' id='word_1_140' title='bbox 592 2865 699 2939; x_wconf 88' lang='lat' dir='ltr'>optime</span> <span class='ocrx_word' id='word_1_141' title='bbox 741 2879 785 2939; x_wconf 88' lang='lat' dir='ltr'>eg.</span> <span class='ocrx_word' id='word_1_142' title='bbox 798 2866 824 2921; x_wconf 77' lang='grc' dir='ltr'>δι</span> <span class='ocrx_word' id='word_1_143' title='bbox 837 2864 908 2919; x_wconf 83' lang='lat' dir='ltr'>Can-</span> <span class='ocrx_word' id='word_1_144' title='bbox 936 2878 977 2918; x_wconf 87' lang='lat' dir='ltr'>ter</span> <span class='ocrx_word' id='word_1_145' title='bbox 1009 2861 1117 2918; x_wconf 83' lang='lat' dir='ltr'>uncinis</span> <span class='ocrx_word' id='word_1_146' title='bbox 1146 2860 1250 2919; x_wconf 64' lang='lat' dir='ltr'>cinctae</span> <span class='ocrx_word' id='word_1_147' title='bbox 1288 2864 1434 2939; x_wconf 87' lang='lat' dir='ltr'>prodeunt.</span> 
     </span>
     <span class='ocr_line' id='line_1_23' title="bbox 411 2938 1018 3017; baseline -0.007 -19"><span class='ocrx_word' id='word_1_148' title='bbox 411 2941 466 2998; x_wconf 75' lang='lat' dir='ltr'>tab.</span> <span class='ocrx_word' id='word_1_149' title='bbox 479 2959 512 2999; x_wconf 77' lang='lat' dir='ltr'>tc</span> <span class='ocrx_word' id='word_1_150' title='bbox 534 2941 572 2998; x_wconf 78' lang='lat' dir='ltr'>itt</span> <span class='ocrx_word' id='word_1_151' title='bbox 591 2939 736 3017; x_wconf 84' lang='lat' dir='ltr'>legendum</span> <span class='ocrx_word' id='word_1_152' title='bbox 757 2940 909 3013; x_wconf 81' lang='lat' dir='ltr'>conjecerat</span> <span class='ocrx_word' id='word_1_153' title='bbox 937 2938 1018 2994; x_wconf 82' lang='lat' dir='ltr'>Idem.</span> 
     </span>
     <span class='ocr_line' id='line_1_24' title="bbox 411 3015 1435 3094; baseline -0.004 -18"><span class='ocrx_word' id='word_1_154' title='bbox 411 3016 499 3076; x_wconf 77' lang='lat' dir='ltr'>Pauli,</span> <span class='ocrx_word' id='word_1_155' title='bbox 510 3021 660 3074; x_wconf 72' lang='lat' dir='ltr'>Manutius.</span> <span class='ocrx_word' id='word_1_156' title='bbox 677 3016 780 3094; x_wconf 80' lang='lat' dir='ltr'>Vulgo.</span> <span class='ocrx_word' id='word_1_157' title='bbox 788 3018 828 3072; x_wconf 90' lang='lat' dir='ltr'>Ut</span> <span class='ocrx_word' id='word_1_158' title='bbox 843 3020 910 3073; x_wconf 83' lang='lat' dir='ltr'>enirn</span> <span class='ocrx_word' id='word_1_159' title='bbox 974 3035 993 3087; x_wconf 93' lang='lat'>4</span> <span class='ocrx_word' id='word_1_160' title='bbox 1010 3015 1203 3072; x_wconf 75' lang='lat' dir='ltr'>portentorum</span> <span class='ocrx_word' id='word_1_161' title='bbox 1235 3018 1435 3089; x_wconf 81' lang='lat' dir='ltr'>ruercitnrifflrns&#39;</span> 
     </span>
     <span class='ocr_line' id='line_1_25' title="bbox 411 3092 1436 3183; baseline -0.002 -30"><span class='ocrx_word' id='word_1_162' title='bbox 411 3097 543 3175; x_wconf 76' lang='lat' dir='ltr'>Aegyptii,</span> <span class='ocrx_word' id='word_1_163' title='bbox 559 3108 591 3152; x_wconf 91' lang='lat' dir='ltr'>ut</span> <span class='ocrx_word' id='word_1_164' title='bbox 609 3093 749 3183; x_wconf 74' lang='lat' dir='ltr'>Bubylonii.</span> <span class='ocrx_word' id='word_1_165' title='bbox 785 3094 910 3149; x_wconf 86' lang='lat' dir='ltr'>Omnino</span> <span class='ocrx_word' id='word_1_166' title='bbox 939 3095 1107 3167; x_wconf 77' lang='lat' dir='ltr'>interpretes]</span> <span class='ocrx_word' id='word_1_167' title='bbox 1139 3092 1182 3147; x_wconf 88' lang='lat' dir='ltr'>Sic</span> <span class='ocrx_word' id='word_1_168' title='bbox 1213 3092 1291 3149; x_wconf 86' lang='lat' dir='ltr'>Paris.</span> <span class='ocrx_word' id='word_1_169' title='bbox 1316 3096 1436 3152; x_wconf 86' lang='lat' dir='ltr'>Menon.</span> 
     </span>
    </p>
   </div>
   <div class='ocr_carea' id='block_1_3' title="bbox 411 3168 1438 3249">
    <p class='ocr_par' dir='ltr' id='par_1_3' title="bbox 411 3168 1438 3249">
     <span class='ocr_line' id='line_1_26' title="bbox 411 3168 1438 3249; baseline -0.001 -20"><span class='ocrx_word' id='word_1_170' title='bbox 411 3171 494 3237; x_wconf 77' lang='lat' dir='ltr'>male3</span> <span class='ocrx_word' id='word_1_171' title='bbox 517 3170 587 3229; x_wconf 88' lang='lat' dir='ltr'>nihil</span> <span class='ocrx_word' id='word_1_172' title='bbox 605 3190 679 3229; x_wconf 87' lang='lat' dir='ltr'>emm</span> <span class='ocrx_word' id='word_1_173' title='bbox 701 3170 747 3236; x_wconf 90' lang='lat' dir='ltr'>est,</span> <span class='ocrx_word' id='word_1_174' title='bbox 776 3169 849 3246; x_wconf 86' lang='lat' dir='ltr'>quod</span> <span class='ocrx_word' id='word_1_175' title='bbox 872 3169 910 3227; x_wconf 88' lang='lat' dir='ltr'>illi</span> <span class='ocrx_word' id='word_1_176' title='bbox 941 3173 1013 3244; x_wconf 85' lang='lat' dir='ltr'>ch.</span> <span class='ocrx_word' id='word_1_177' title='bbox 1030 3168 1127 3224; x_wconf 77' lang='lat' dir='ltr'>Baiiiol.</span> <span class='ocrx_word' id='word_1_178' title='bbox 1151 3172 1178 3225; x_wconf 76' lang='lat' dir='ltr'>dc</span> <span class='ocrx_word' id='word_1_179' title='bbox 1200 3168 1312 3226; x_wconf 81' lang='lat' dir='ltr'>Cantab.</span> <span class='ocrx_word' id='word_1_180' title='bbox 1343 3173 1438 3249; x_wconf 80' lang='lat' dir='ltr'><strong>Vulgo</strong></span> 
     </span>
    </p>
   </div>
   <div class='ocr_carea' id='block_1_4' title="bbox 403 3245 1436 3398">
    <p class='ocr_par' dir='ltr' id='par_1_4' title="bbox 403 3245 1436 3398">
     <span class='ocr_line' id='line_1_27' title="bbox 403 3245 1222 3325; baseline -0.006 -20"><span class='ocrx_word' id='word_1_181' title='bbox 403 3245 908 3325; x_wconf 71' lang='lat' dir='ltr'>fimiliruds&#39;nisparticulcerespondeat.</span> <span class='ocrx_word' id='word_1_182' title='bbox 939 3246 1099 3321; x_wconf 73' lang='lat' dir='ltr'>osientorum.</span> <span class='ocrx_word' id='word_1_183' title='bbox 1135 3246 1222 3302; x_wconf 78' lang='lat' dir='ltr'>Idem.</span> 
     </span>
     <span class='ocr_line' id='line_1_28' title="bbox 410 3322 1436 3398; baseline -0.001 -16"><span class='ocrx_word' id='word_1_184' title='bbox 410 3330 525 3383; x_wconf 77' lang='lat' dir='ltr'>Davus.</span> <span class='ocrx_word' id='word_1_185' title='bbox 980 3343 997 3395; x_wconf 90' lang='lat'><em>5</em></span> <span class='ocrx_word' id='word_1_186' title='bbox 1016 3322 1186 3398; x_wconf 82' lang='lat' dir='ltr'>Praedicunr]</span> <span class='ocrx_word' id='word_1_187' title='bbox 1201 3322 1352 3384; x_wconf 80' lang='lat' dir='ltr'>Lambinus,</span> <span class='ocrx_word' id='word_1_188' title='bbox 1369 3342 1436 3387; x_wconf 89' lang='lat' dir='ltr'>con-</span> 
     </span>
    </p>
   </div>
   <div class='ocr_carea' id='block_1_5' title="bbox 401 3398 1556 4174">
    <p class='ocr_par' dir='ltr' id='par_1_5' title="bbox 404 3398 1445 4018">
     <span class='ocr_line' id='line_1_29' title="bbox 447 3398 1434 3481; baseline -0.002 -22"><span class='ocrx_word' id='word_1_189' title='bbox 447 3421 465 3459; x_wconf 92' lang='lat'><em>2</em></span> <span class='ocrx_word' id='word_1_190' title='bbox 485 3400 579 3459; x_wconf 75' lang='lat' dir='ltr'>Multa</span> <span class='ocrx_word' id='word_1_191' title='bbox 599 3398 740 3481; x_wconf 75' lang='lat' dir='ltr'>inusitata]</span> <span class='ocrx_word' id='word_1_192' title='bbox 764 3403 823 3459; x_wconf 89' lang='lat' dir='ltr'>MS.</span> <span class='ocrx_word' id='word_1_193' title='bbox 842 3403 911 3473; x_wconf 83' lang='lat' dir='ltr'>Voffi-</span> <span class='ocrx_word' id='word_1_194' title='bbox 932 3400 1043 3475; x_wconf 73' lang='lat' dir='ltr'>&#39;jediura</span> <span class='ocrx_word' id='word_1_195' title='bbox 1056 3399 1162 3463; x_wconf 62' lang='lat' dir='ltr'>duetus,</span> <span class='ocrx_word' id='word_1_196' title='bbox 1186 3400 1270 3456; x_wconf 88' lang='lat' dir='ltr'>edidit</span> <span class='ocrx_word' id='word_1_197' title='bbox 1289 3403 1434 3475; x_wconf 73' lang='lat' dir='ltr'>prouisum.</span> 
     </span>
     <span class='ocr_line' id='line_1_30' title="bbox 408 3478 1435 3553; baseline -0.008 -16"><span class='ocrx_word' id='word_1_198' title='bbox 408 3498 509 3537; x_wconf 81' lang='lat' dir='ltr'>unusa</span> <span class='ocrx_word' id='word_1_199' title='bbox 526 3482 616 3552; x_wconf 83' lang='lat' dir='ltr'>prima</span> <span class='ocrx_word' id='word_1_200' title='bbox 632 3497 714 3535; x_wconf 86' lang='lat' dir='ltr'>manu</span> <span class='ocrx_word' id='word_1_201' title='bbox 732 3498 761 3535; x_wconf 88' lang='lat' dir='ltr'>te</span> <span class='ocrx_word' id='word_1_202' title='bbox 782 3479 910 3534; x_wconf 83' lang='lat' dir='ltr'>raesenta·</span> <span class='ocrx_word' id='word_1_203' title='bbox 941 3479 979 3534; x_wconf 82' lang='lat' dir='ltr'>At</span> <span class='ocrx_word' id='word_1_204' title='bbox 1018 3496 1115 3533; x_wconf 86' lang='lat' dir='ltr'>ornnes</span> <span class='ocrx_word' id='word_1_205' title='bbox 1153 3494 1305 3553; x_wconf 83' lang='lat' dir='ltr'>repugnant</span> <span class='ocrx_word' id='word_1_206' title='bbox 1336 3478 1435 3534; x_wconf 85' lang='lat' dir='ltr'>Mssti.</span> 
     </span>
     <span class='ocr_line' id='line_1_31' title="bbox 407 3497 1437 3634; baseline -0.004 -19"><span class='ocrx_word' id='word_1_207' title='bbox 407 3555 452 3615; x_wconf 79' lang='lat' dir='ltr'>but</span> <span class='ocrx_word' id='word_1_208' title='bbox 475 3553 623 3633; x_wconf 68' lang='lat' dir='ltr'>invfituru,</span> <span class='ocrx_word' id='word_1_209' title='bbox 649 3556 723 3634; x_wconf 83' lang='lat' dir='ltr'>quod</span> <span class='ocrx_word' id='word_1_210' title='bbox 746 3497 845 3630; x_wconf 55' lang='lat' dir='ltr'>pEeet:</span> <span class='ocrx_word' id='word_1_211' title='bbox 874 3556 911 3611; x_wconf 91' lang='lat' dir='ltr'>ita</span> <span class='ocrx_word' id='word_1_212' title='bbox 940 3555 1016 3629; x_wconf 82' lang='lat' dir='ltr'>Quin</span> <span class='ocrx_word' id='word_1_213' title='bbox 1030 3552 1125 3628; x_wconf 87' lang='lat' dir='ltr'>&amp;ipsc</span> <span class='ocrx_word' id='word_1_214' title='bbox 1139 3556 1226 3609; x_wconf 76' lang='lat' dir='ltr'>Cicero</span> <span class='ocrx_word' id='word_1_215' title='bbox 1238 3554 1282 3611; x_wconf 89' lang='lat' dir='ltr'>lib.</span> <span class='ocrx_word' id='word_1_216' title='bbox 1297 3556 1333 3609; x_wconf 87' lang='lat'>11.</span> <span class='ocrx_word' id='word_1_217' title='bbox 1353 3554 1437 3611; x_wconf 88' lang='lat' dir='ltr'>N.D.</span> 
     </span>
     <span class='ocr_line' id='line_1_32' title="bbox 405 3629 1432 3711; baseline -0.008 -18"><span class='ocrx_word' id='word_1_218' title='bbox 405 3636 679 3695; x_wconf 80' lang='lat' dir='ltr'>enimdicunturea,</span> <span class='ocrx_word' id='word_1_219' title='bbox 697 3652 765 3711; x_wconf 84' lang='lat' dir='ltr'>quae</span> <span class='ocrx_word' id='word_1_220' title='bbox 779 3651 839 3688; x_wconf 85' lang='lat' dir='ltr'>rato</span> <span class='ocrx_word' id='word_1_221' title='bbox 859 3650 909 3688; x_wconf 85' lang='lat' dir='ltr'>nec</span> <span class='ocrx_word' id='word_1_222' title='bbox 940 3648 998 3705; x_wconf 86' lang='lat' dir='ltr'>cap.</span> <span class='ocrx_word' id='word_1_223' title='bbox 1011 3651 1035 3705; x_wconf 85' lang='lat'>3.</span> <span class='ocrx_word' id='word_1_224' title='bbox 1054 3630 1119 3687; x_wconf 84' lang='lat' dir='ltr'>haec</span> <span class='ocrx_word' id='word_1_225' title='bbox 1132 3629 1219 3686; x_wconf 86' lang='lat' dir='ltr'>habet:</span> <span class='ocrx_word' id='word_1_226' title='bbox 1249 3631 1432 3685; x_wconf 72' lang='lat' dir='ltr'>Prusds&#39;ilioues</span> 
     </span>
     <span class='ocr_line' id='line_1_33' title="bbox 407 3704 1445 3789; baseline -0.009 -19"><span class='ocrx_word' id='word_1_227' title='bbox 407 3710 565 3789; x_wconf 84' lang='lat' dir='ltr'>frequentet</span> <span class='ocrx_word' id='word_1_228' title='bbox 587 3710 720 3769; x_wconf 86' lang='lat' dir='ltr'>visuntur.</span> <span class='ocrx_word' id='word_1_229' title='bbox 759 3713 836 3765; x_wconf 85' lang='lat' dir='ltr'>Hanc</span> <span class='ocrx_word' id='word_1_230' title='bbox 859 3728 907 3766; x_wconf 92' lang='lat' dir='ltr'>vo·</span> <span class='ocrx_word' id='word_1_231' title='bbox 938 3704 1445 3783; x_wconf 54' lang='lat' dir='ltr'>nersrrssrpruesenstonesrerumfururn-&gt;v</span> 
     </span>
     <span class='ocr_line' id='line_1_34' title="bbox 405 3781 1434 3868; baseline -0.008 -22"><span class='ocrx_word' id='word_1_232' title='bbox 405 3807 466 3846; x_wconf 82' lang='lat' dir='ltr'>cem</span> <span class='ocrx_word' id='word_1_233' title='bbox 486 3788 525 3868; x_wconf 92' lang='lat' dir='ltr'>J.</span> <span class='ocrx_word' id='word_1_234' title='bbox 543 3794 572 3845; x_wconf 83' lang='lat' dir='ltr'>F.</span> <span class='ocrx_word' id='word_1_235' title='bbox 590 3790 735 3846; x_wconf 82' lang='lat' dir='ltr'>Gronovius</span> <span class='ocrx_word' id='word_1_236' title='bbox 756 3790 834 3843; x_wconf 79' lang='lat' dir='ltr'>Livio</span> <span class='ocrx_word' id='word_1_237' title='bbox 854 3784 896 3843; x_wconf 76' lang='lat' dir='ltr'>sae</span> <span class='ocrx_word' id='word_1_238' title='bbox 936 3803 999 3841; x_wconf 84' lang='lat' dir='ltr'>rum</span> <span class='ocrx_word' id='word_1_239' title='bbox 1011 3786 1076 3861; x_wconf 79' lang='lat' dir='ltr'>quid</span> <span class='ocrx_word' id='word_1_240' title='bbox 1084 3785 1161 3842; x_wconf 77' lang='lat' dir='ltr'>aliud</span> <span class='ocrx_word' id='word_1_241' title='bbox 1172 3783 1313 3849; x_wconf 81' lang='lat' dir='ltr'>declarant,</span> <span class='ocrx_word' id='word_1_242' title='bbox 1330 3782 1376 3857; x_wconf 72' lang='lat' dir='ltr'>nisi</span> <span class='ocrx_word' id='word_1_243' title='bbox 1388 3781 1434 3838; x_wconf 79' lang='lat' dir='ltr'>bo·</span> 
     </span>
     <span class='ocr_line' id='line_1_35' title="bbox 404 3857 1434 3939; baseline -0.01 -15"><span class='ocrx_word' id='word_1_244' title='bbox 404 3868 465 3939; x_wconf 80' lang='lat' dir='ltr'>pius</span> <span class='ocrx_word' id='word_1_245' title='bbox 499 3865 625 3924; x_wconf 77' lang='lat' dir='ltr'>restituit.</span> <span class='ocrx_word' id='word_1_246' title='bbox 676 3867 749 3923; x_wconf 87' lang='lat' dir='ltr'>Eum</span> <span class='ocrx_word' id='word_1_247' title='bbox 781 3863 843 3920; x_wconf 82' lang='lat' dir='ltr'>ride</span> <span class='ocrx_word' id='word_1_248' title='bbox 872 3864 904 3919; x_wconf 87' lang='lat' dir='ltr'>ad</span> <span class='ocrx_word' id='word_1_249' title='bbox 936 3860 1049 3918; x_wconf 85' lang='lat' dir='ltr'>minibus</span> <span class='ocrx_word' id='word_1_250' title='bbox 1079 3880 1120 3926; x_wconf 86' lang='lat' dir='ltr'>eu,</span> <span class='ocrx_word' id='word_1_251' title='bbox 1146 3879 1214 3938; x_wconf 75' lang='lat' dir='ltr'>quar</span> <span class='ocrx_word' id='word_1_252' title='bbox 1236 3857 1300 3935; x_wconf 78' lang='lat' dir='ltr'>stur,</span> <span class='ocrx_word' id='word_1_253' title='bbox 1335 3860 1434 3930; x_wconf 74' lang='lat' dir='ltr'>ostendi,</span> 
     </span>
     <span class='ocr_line' id='line_1_36' title="bbox 404 3937 1433 4018; baseline -0.005 -19"><span class='ocrx_word' id='word_1_254' title='bbox 404 3942 529 4007; x_wconf 81' lang='lat' dir='ltr'>xxvn,</span> <span class='ocrx_word' id='word_1_255' title='bbox 548 3961 594 4018; x_wconf 87' lang='lat'>39.</span> <span class='ocrx_word' id='word_1_256' title='bbox 612 3944 702 4005; x_wconf 80' lang='lat' dir='ltr'>XLV,</span> <span class='ocrx_word' id='word_1_257' title='bbox 717 3960 766 4016; x_wconf 87' lang='lat'>42.</span> <span class='ocrx_word' id='word_1_258' title='bbox 802 3942 881 3998; x_wconf 81' lang='lat' dir='ltr'>Idem.</span> <span class='ocrx_word' id='word_1_259' title='bbox 935 3938 1078 4007; x_wconf 70' lang='lat' dir='ltr'>monstrari,</span> <span class='ocrx_word' id='word_1_260' title='bbox 1092 3937 1214 4013; x_wconf 76' lang='lat' dir='ltr'>portendi,</span> <span class='ocrx_word' id='word_1_261' title='bbox 1232 3938 1366 4010; x_wconf 84' lang='lat' dir='ltr'>praedici?</span> <span class='ocrx_word' id='word_1_262' title='bbox 1389 3946 1433 3994; x_wconf 81' lang='lat' dir='ltr'>Ex</span> 
     </span>
    </p>

    <p class='ocr_par' dir='ltr' id='par_1_6' title="bbox 401 4014 1556 4174">
     <span class='ocr_line' id='line_1_37' title="bbox 439 4014 1556 4095; baseline -0.009 -18"><span class='ocrx_word' id='word_1_263' title='bbox 439 4039 453 4095; x_wconf 84' lang='lat'>3</span> <span class='ocrx_word' id='word_1_264' title='bbox 476 4028 514 4077; x_wconf 79' lang='lat' dir='ltr'>Er</span> <span class='ocrx_word' id='word_1_265' title='bbox 522 4022 611 4093; x_wconf 66' lang='lat' dir='ltr'>spru]</span> <span class='ocrx_word' id='word_1_266' title='bbox 639 4020 725 4078; x_wconf 76' lang='lat' dir='ltr'>Hasce</span> <span class='ocrx_word' id='word_1_267' title='bbox 748 4036 829 4076; x_wconf 81' lang='lat' dir='ltr'>voces</span> <span class='ocrx_word' id='word_1_268' title='bbox 844 4015 904 4073; x_wconf 86' lang='lat' dir='ltr'>nes-</span> <span class='ocrx_word' id='word_1_269' title='bbox 936 4016 1045 4093; x_wconf 78' lang='lat' dir='ltr'>qusilln</span> <span class='ocrx_word' id='word_1_270' title='bbox 1059 4014 1287 4090; x_wconf 75' lang='lat' dir='ltr'>ostentu‚monflru‚</span> <span class='ocrx_word' id='word_1_271' title='bbox 1304 4027 1435 4088; x_wconf 78' lang='lat' dir='ltr'>portentu,</span> <span class='ocrx_word' id='word_1_272' title='bbox 1555 4075 1556 4078; x_wconf 8' lang='grc' dir='ltr'><strong>Ἴ</strong></span> 
     </span>
     <span class='ocr_line' id='line_1_38' title="bbox 401 4090 1438 4174; baseline -0.004 -23"><span class='ocrx_word' id='word_1_273' title='bbox 401 4095 478 4154; x_wconf 87' lang='lat' dir='ltr'>ciunt</span> <span class='ocrx_word' id='word_1_274' title='bbox 493 4094 575 4154; x_wconf 71' lang='lat' dir='ltr'>Parin</span> <span class='ocrx_word' id='word_1_275' title='bbox 600 4098 674 4155; x_wconf 89' lang='lat' dir='ltr'>Med.</span> <span class='ocrx_word' id='word_1_276' title='bbox 698 4099 769 4174; x_wconf 84' lang='lat' dir='ltr'>Reg.</span> <span class='ocrx_word' id='word_1_277' title='bbox 791 4094 903 4152; x_wconf 77' lang='lat' dir='ltr'>Cantab.</span> <span class='ocrx_word' id='word_1_278' title='bbox 937 4092 1061 4170; x_wconf 79' lang='lat' dir='ltr'>prodigia</span> <span class='ocrx_word' id='word_1_279' title='bbox 1077 4094 1206 4156; x_wconf 72' lang='lat' dir='ltr'>dicuntur.</span> <span class='ocrx_word' id='word_1_280' title='bbox 1245 4092 1286 4147; x_wconf 84' lang='lat' dir='ltr'>Ad</span> <span class='ocrx_word' id='word_1_281' title='bbox 1304 4091 1377 4147; x_wconf 90' lang='lat' dir='ltr'>hunc</span> <span class='ocrx_word' id='word_1_282' title='bbox 1395 4090 1438 4147; x_wconf 90' lang='lat' dir='ltr'>lo·</span> 
     </span>
    </p>
   </div>
   <div class='ocr_carea' id='block_1_6' title="bbox 399 4167 1443 4303">
    <p class='ocr_par' dir='ltr' id='par_1_7' title="bbox 399 4167 1443 4303">
     <span class='ocr_line' id='line_1_39' title="bbox 399 4167 1443 4303; baseline -0.007 -71"><span class='ocrx_word' id='word_1_283' title='bbox 399 4172 499 4233; x_wconf 68' lang='lat' dir='ltr'>inlini:</span> <span class='ocrx_word' id='word_1_284' title='bbox 525 4172 637 4253; x_wconf 72' lang='lat' dir='ltr'>aliique</span> <span class='ocrx_word' id='word_1_285' title='bbox 653 4174 778 4239; x_wconf 75' lang='lat' dir='ltr'>Codices,</span> <span class='ocrx_word' id='word_1_286' title='bbox 807 4190 905 4251; x_wconf 78' lang='lat' dir='ltr'>eatque</span> <span class='ocrx_word' id='word_1_287' title='bbox 931 4188 1002 4303; x_wconf 59' lang='grc' dir='ltr'>Ξυω</span> <span class='ocrx_word' id='word_1_288' title='bbox 1014 4168 1123 4248; x_wconf 83' lang='lat' dir='ltr'>respicit</span> <span class='ocrx_word' id='word_1_289' title='bbox 1137 4168 1237 4228; x_wconf 82' lang='lat' dir='ltr'>noster.</span> <span class='ocrx_word' id='word_1_290' title='bbox 1272 4167 1443 4300; x_wconf 44' lang='lat' dir='ltr'>iduum</span> 
     </span>
    </p>
   </div>
   <div class='ocr_carea' id='block_1_7' title="bbox 0 0 1896 5084">
    <p class='ocr_par' dir='ltr' id='par_1_8' title="bbox 0 0 1896 5084">
     <span class='ocr_line' id='line_1_40' title="bbox 0 0 1896 5084; baseline 0 10"><span class='ocrx_word' id='word_1_291' title='bbox 0 0 1896 5084; x_wconf 95' lang='lat' dir='ltr'> </span> 
     </span>
    </p>
   </div>
  </div>
 </body>
</html>
