3784 5084
599 489 888 615 'ernon
944 481 1247 627 11,57',5a.⁶
1422 552 1506 628 τις,

400 700 567 803 peruret?
604 690 882 772 Demosthenes
915 692 1090 793 quidem,
1119 692 1188 790 qui
1211 687 1350 769 abhinc
1371 709 1438 773 an·

402 834 477 887 nos
496 829 617 913 prope
641 802 825 895 cecinit,
852 805 931 902 iam
954 820 1041 881 turn
1064 797 1285 910 φιλιππίζειν
1305 801 1437 902 Pythi·

401 943 466 997 am
489 919 653 1007 dicebat,
687 907 760 993 ‘id
783 913 846 997 est.
883 908 988 1014 quasi
1012 935 1104 992 enm
1127 909 1308 1018 Phiiippo
1338 911 1438 990 face·

402 1056 471 1109 re:
511 1031 589 1107 hoc
611 1044 739 1104 autern
769 1048 819 1103 eo
844 1024 1043 1130 speiiabat,
1073 1040 1116 1100 ut
1140 1045 1226 1101 cam
1252 1047 1273 1100 a
1297 1021 1456 1127 Philip-1

401 1153 455 1244 po
479 1156 700 1240 corruptam
721 1137 889 1214 diceret:
918 1159 1002 1237 quo
1020 1137 1109 1213 licet
1133 1134 1367 1225 existumare,
1390 1137 1435 1217 in

407 1254 490 1330 aliis
513 1272 670 1351 quoque
690 1249 826 1327 oraclis
835 1246 1034 1349 Delphicis
1055 1246 1199 1346 aliquid
1220 1269 1305 1324 non
1326 1242 1444 1323 fince·
1497 1252 1501 1267 “

403 1366 435 1440 ri
466 1361 588 1439 fuisse.
644 1357 878 1437 Sed-nescio
907 1356 1114 1459 quomodo
1139 1356 1194 1434 isti
1216 1354 1439 1464 philosophi

405 1464 644 1576 superstitioli
671 1474 710 1549 ὅ(
739 1479 861 1573 paene
883 1468 1037 1547 fanatici
1063 1466 1215 1569 quidvis,
1236 1467 1353 1546 malle
1386 1468 1442 1547 vi·

407 1586 562 1675 dentur,
591 1573 710 1683 quam'
736 1580 774 1658 se
800 1604 884 1659 non
910 1582 1072 1682 ineptos.
1129 1577 1326 1657 Evanuisse
1358 1598 1440 1655 ma-

407 1697 525 1773 vultis
549 1698 587 1771 &
612 1693 834 1797 crstinlium
872 1688 943 1769 effe
968 1692 1020 1781 id,
1060 1690 1167 1791 quod
1196 1683 1223 1765 st
1252 1708 1442 1790 umquam

408 1806 535 1885 iuiffet
569 1824 671 1882 cette
705 1821 907 1881 aeternum
943 1800 1054 1883 essct,
1097 1822 1215 1903 quam
1247 1821 1443 1901 eaquae

408 1940 492 1996 non
526 1915 613 1995 sunt
645 1914 846 1995 credenda,
884 1937 969 1991 non
1003 1905 1167 1992 credere.
1225 1909 1369 1991 Similis
1390 1909 1441 1990 est
1459 1904 1532 2001 ιδ’

412 2033 519 2106 error
542 2031 586 2106 in
610 2027 791 2105 somniis:
819 2046 989 2123 quorum
1009 2024 1170 2124 quidem
1195 2019 1365 2101 defenfio
1387 2048 1445 2103 re·

411 2141 530 2242 petita
552 2162 670 2239 quam
690 2134 911 2239 longeest!
957 2142 970 2188 ⁷
991 2136 1158 2213 Divinos
1179 2137 1330 2214 animos
1355 2157 1466 2239 cen-v

411 2251 491 2346 sept
511 2251 587 2328 *effe
610 2247 771 2336 nostros,
794 2246 936 2346 cosque
958 2247 1028 2323 effe
1041 2248 1178 2331 traiios
1197 2244 1445 2341 extrinsecus,

412 2364 712 2462 animorumque
725 2358 1054 2438 consentientium
1068 2357 1319 2434 multitudine
1334 2380 1443 2433 conr-

414 2476 563 2575 pletum
596 2474 668 2550 effe
694 2471 912 2570 mundum:
956 2458 972 2507 ⁸
999 2466 1070 2545 hac
1101 2470 1216 2569 igitur
1241 2468 1382 2545 mentis
1408 2473 1450 2550 ilc

413 2579 525 2687 ipsius
546 2584 758 2675 divinitate,
799 2585 841 2662 δε
860 2578 1143 2680 conjunctione
1169 2600 1261 2657 curn
1282 2581 1448 2659 externis

1334 2712 1445 2770 men·

415 2832 452 2891 D.
470 2852 530 2910 cap.
548 2854 594 2912 30·
630 2836 667 2893 At
679 2847 713 2893 ut
726 2832 837 2893 abl'urda
857 2854 914 2894 non
943 2850 1019 2915 gans,
1045 2805 1279 2920 eruditusJamen
1294 2838 1322 2895 bc
1341 2847 1448 2895 acutus,

415 2912 454 2968 est
469 2913 521 2969 viri
536 2912 684 2971 doliisfimi
697 2913 863 2989 conjeeiura,
879 2914 914 2973 fic
943 2920 1010 2970 Ant.
1027 2911 1131 2969 Daleur
1145 2911 1181 2969 de
1196 2915 1278 2970 Orac.
1294 2912 1361 2969 Diti
1377 2914 1401 2969 1.
1417 2930 1445 2967 c.

416 2987 489 3046 haud
506 2989 614 3047 videtur
626 2990 772 3054 neceffaria,
791 3008 856 3049 cum
871 2993 916 3046 Ci-
946 3009 973 3047 2.
1008 2990 1089 3046 Idem.
1416 3006 1429 3018 ’·

417 3084 474 3123 cero
488 3066 583 3142 paffim
605 3084 685 3123 voees
699 3068 813 3123 Graecas
831 3067 916 3143 expli·
983 3069 1126 3140 7Diviaos
1138 3066 1252 3142 animos]
1263 3055 1344 3123 'Vide
1362 3062 1408 3122 lib.
1424 3063 1450 3124 1.‘
1471 3050 1480 3069 ⁶
1498 3068 1502 3077 '

418 3156 472 3199 cet.
520 3147 583 3201 Huc
597 3158 688 3202 autem
704 3142 813 3221 respicit
827 3148 917 3201 Minu·
946 3162 1005 3221 cap.
1024 3160 1069 3218 3·-
1111 3144 1193 3202 Idem.
1284 3173 1288 3180 ·

417 3219 474 3276 cius
496 3218 570 3277 Felix
592 3239 651 3296 cap.
673 3238 748 3280 xxvi.
783 3220 919 3353 Apollinis,
995 3220 1089 3278 8Hac
1107 3223 1191 3293 igitur
1210 3222 1301 3278 mentis
1324 3225 1351 3279 δι
1371 3221 1453 3296 ipsine

418 3298 526 3375 inquit,
556 3295 640 3377 Pythii
664 3313 775 3356 caurum
797 3297 866 3355 ilud
884 3295 921 3366 ό·
949 3296 1092 3356 divinitate
1105 3295 1140 3365 όν
1154 3300 1453 3375 ιοιιὴηέῖιοηεικιηικ·

417 3372 578 3448 ambiguum
591 3374 681 3451 defecit
695 3374 841 3437 oraculum,
857 3394 919 3434 cum
951 3376 1030 3433 ternis
1052 3317 1211 3454 mentibusi
1244 3377 1397 3450 Corruptus
1416 3374 1455 3432 est

419 3448 457 3519 ό·
484 3450 608 3526 politiores
635 3450 747 3510 homines
773 3450 810 3522 ό·
836 3454 922 3511 minus
951 3450 1043 3515 locus,
1078 3470 1162 3529 quem
1191 3453 1335 3510 emendare
1364 3452 1455 3509 conati

419 3527 520 3585 creduli
533 3528 577 3604 effe
597 3541 739 3604 coeperunt.
775 3538 812 3586 Et
825 3537 923 3588 Demo·
955 3529 1015 3587 sunt
1036 3529 1087 3606 ipsi
1111 3528 1236 3587 Librarii.
1282 3531 1356 3587 Nam
1382 3532 1455 3602 Reg.

411 3602 523 3681 sthenes,
540 3607 610 3682 quod
618 3610 697 3681 ῥίνη
712 3606 821 3681 respirasti
837 3606 922 3681 fimu·
953 3611 980 3666 be
996 3604 1108 3663 Cantab.
1132 3606 1278 3671 exhibent,
1307 3605 1358 3660 hac
1373 3607 1456 3677 igitur

420 3680 646 3756 talamannia,
660 3682 781 3761 Pythiam
797 3683 923 3761 quereba-
953 3687 1045 3740 mentis
1073 3682 1108 3751 (θ’
1132 3681 1207 3759 ipsius
1226 3682 1374 3741 divinitatis
1399 3701 1456 3740 con-

419 3773 477 3816 tur.
520 3761 633 3817 Oracula
664 3760 776 3838 quidem
809 3760 924 3817 Ethnica
951 3763 1078 3839 juniiione
1097 3780 1159 3819 cum
1182 3762 1295 3817 externis
1315 3758 1455 3815 mentibus.

420 3854 478 3894 noo
492 3835 663 3912 inspirationi
681 3840 865 3903 Daemonum,
878 3839 921 3895 sed
954 3839 1030 3896 Licet
1050 3852 1145 3896 autem
1162 3856 1220 3895 non
1240 3838 1307 3893 adeo
1326 3838 1396 3893 tardi
1415 3836 1458 3894 fu-

421 3910 569 3971 hominum
593 3913 699 3972 fallaciis
719 3915 856 3989 originem
875 3915 920 3971 de·
952 3915 1024 3971 erint
1039 3913 1147 3979 scribae,
1166 3915 1233 3991 quin
1253 3915 1353 3970 vitium
1368 3914 1456 3991 quod-

420 3988 506 4048 buiffe
519 3991 667 4051 statuerunt
687 3992 738 4049 viri
754 3990 921 4067 sagaciffirni,
952 3992 1015 4047 dam
1038 3990 1137 4049 subcffe
1163 3989 1248 4066 probe
1270 3990 1408 4055 viderent,
1433 3990 1465 4047 ei

420 4075 541 4144 quorum
551 4070 703 4126 testimonia
715 4066 824 4145 collegit
838 4068 922 4143 scrip·
954 4083 1045 4125 tamen
1059 4068 1179 4126 tollendo
1194 4087 1249 4124 non
1265 4082 1351 4125 erant.
1386 4067 1458 4129 Mihi

420 4159 467 4203 tor
483 4144 544 4205 sane
564 4164 662 4225 parum
684 4160 813 4236 temptes
830 4149 857 4208 δι
872 4145 925 4225 eles
955 4144 1159 4208 rescribendum
1175 4145 1294 4214 videturt
1315 4143 1366 4201 lac
1378 4148 1468 4230 igitue

1369 4233 1462 4278 mcertis
