3784 5084
443 568 524 649 ¹74
712 547 788 629 Dr
816 541 1310 633 DIVINATIONE

505 709 576 787 lira
605 711 770 789 fulmina
799 712 1002 787 emitteret.
1068 709 1204 815 ¹Quid
1239 712 1347 788 enim
1373 696 1540 823 ptolic'lb'

429 844 433 854 ’
502 845 595 899 eum
629 826 671 900 in
707 823 882 899 medium
918 845 1023 899 mare
1053 821 1239 900 ²fulmen
1275 826 1388 918 jacit?
1428 823 1537 924 quid,

501 939 655 1012 eumin
678 927 880 1011 altill'tmos
904 936 1063 1017 monus,
1091 933 1199 1035 quod
1221 936 1456 1036 plerumque·
1473 933 1539 1011 fit?

502 1046 612 1145 quid,
648 1070 739 1125 cum
765 1049 806 1121 in
829 1043 992 1121 desertas
1020 1046 1269 1144 solitudines?
1307 1046 1416 1147 quid,
1445 1068 1539 1122 cum

504 1157 548 1233 in
570 1178 701 1235 earum
724 1160 902 1261 gentium
924 1180 1023 1249 oras,
1053 1162 1094 1233 in
1116 1158 1254 1258 quibus
1281 1157 1373 1235 haee
1397 1181 1449 1233 ne
1473 1159 1544 1234 ob·

440 1268 699 1369 zosetvantur
717 1269 904 1370 quidem?
949 1266 1040 1343 ³At
1064 1272 1268 1347 inventum
1292 1269 1341 1345 est
1364 1287 1478 1371 caput
1500 1271 1542 1349 in

505 1380 652 1457 Tiberi.
709 1375 824 1483 Quasi
850 1404 925 1483 ego
951 1398 1073 1456 artem
1095 1382 1265 1482 aliquam
1288 1379 1447 1457 illorum
1467 1380 1540 1458 effe

504 1497 669 1593 negem!
709 1492 991 1570 divinationem
1018 1515 1143 1593 nego:
1173 1494 1267 1570 caeli
1290 1495 1397 1569 enim
1422 1493 1541 1570 distri·

503 1600 628 1695 butio,
657 1626 776 1704 quam
799 1623 889 1680 ante
913 1605 1006 1694 dixi,
1038 1608 1077 1681 ὅ(
1100 1623 1290 1681 certarum
1314 1625 1444 1680 rerum
1467 1628 1541 1682 no*

503 1717 602 1792 tatio
625 1717 753 1807 docet,
782 1716 885 1792 unde
912 1714 1064 1794 fulmen
1091 1720 1252 1802 venerit,
1282 1738 1363 1814 quo
1384 1718 1541 1794 eonces-

505 1824 614 1903 serit:
653 1827 747 1926 quid
775 1820 960 1927 fignifieet
989 1845 1131 1919 autem,
1162 1829 1269 1905 nulla
1289 1828 1387 1903 ratio
1410 1825 1538 1906 docet.

506 1935 580 2013 Sed
607 1956 717 2038 urges
741 1960 805 2013 me
827 1942 924 2014 meis
946 1934 1132 2017 versibus:

511 2085 518 2092 ·
562 2075 688 2144 ⁴Nom
707 2086 813 2175 pater
830 2066 1020 2145 altitonans
1036 2063 1201 2170 stellanti
1228 2068 1331 2143 nixos
1353 2063 1485 2176 Olympo

561 2175 639 2284 Ipso
650 2176 736 2284 ficos
763 2179 933 2287 quondam
957 2177 1100 2257 cumolos
1120 2203 1164 2252 oc
1184 2177 1311 2288 templa
1326 2180 1476 2286 petivit,

561 2298 610 2365 Et
634 2291 830 2399 Capitolinis
850 2294 973 2401 injecit
990 2286 1134 2397 sedibus
1158 2288 1261 2399 igo'es.

505 2417 614 2500 Tum
650 2410 766 2503 statua
797 2397 954 2518 Nolae,
992 2445 1077 2501 tum
1117 2417 1314 2501 fimulacra
1345 2424 1537 2514 Deorum,
1571 2478 1572 2481 t

505 2531 777 2636 Romulusque
803 2540 841 2613 δι
864 2538 1012 2614 Remus
1031 2540 1046 2588 5
1065 2558 1155 2613 eum
1180 2536 1309 2613 altrIce
1332 2533 1458 2628 belua,
1478 2526 1555 2615 ‘vl

401 2663 404 2668 ·
506 2641 679 2723 fulminis
706 2648 770 2727 isti
792 2649 1058 2733 conciderunt,
1100 2647 1224 2748 deque
1249 2647 1308 2725 his
1338 2646 1451 2725 rebus
1475 2644 1537 2724 ha·

681 2760 683 2766 ’
787 2767 791 2778 ’
1343 2758 1539 2863 ruspicum

545 2916 557 2953 ι
575 2894 662 2980 Qud
674 2902 742 2957 onita
755 2900 874 2976 proflat]
896 2904 1007 2963 Exstant
1068 2917 1089 2975 4
1103 2908 1177 2961 Nam
1193 2916 1270 2980 pater
1286 2905 1428 2963 altitonans
1434 2908 1540 2962 *ain

501 2976 641 3049 praeclari,
658 2991 690 3035 ut
707 2976 749 3034 alii
764 2980 794 3035 in
814 2980 884 3040 hone
901 2981 1006 3039 seuten-
1034 2978 1158 3055 Capitolio
1172 2981 1361 3058 collocabatur]
1384 2988 1459 3048 Haec
1473 3003 1540 3041 om-

505 3054 583 3116 mam,
597 3056 711 3111 Lucretii
728 3055 818 3115 versus
830 3056 877 3116 lib.
891 3078 1008 3137 vr.403.
1035 3058 1078 3113 nia
1103 3057 1157 3136 legi
1179 3061 1279 3136 poffint
1301 3061 1380 3139 supra
1401 3061 1447 3122 lib.
1470 3064 1494 3120 l.
1512 3080 1539 3121 ca

505 3150 574 3211 quos
591 3131 716 3189 indicabo
735 3136 845 3192 Lociori
859 3137 1010 3206 duntaxar;
1040 3153 1083 3193 12.
1118 3139 1200 3195 Idem.

542 3214 573 3262 Io
589 3227 664 3267 marc
678 3230 734 3288 qua
759 3224 833 3287 porco
852 3214 939 3272 mittio
961 3236 1007 3274 ra·
1074 3233 1091 3285 5
1115 3222 1185 3271 Cum
1216 3215 1311 3273 altrice
1337 3214 1441 3296 belua]
1474 3220 1540 3275 Vox

577 3289 661 3342 riou?
677 3288 744 3366 qaid
753 3292 837 3347 undas
1036 3290 1113 3349 belua
1144 3295 1228 3352 unico
1262 3300 1294 3348 L.
1333 3292 1414 3351 scribi
1443 3293 1539 3357 debota

541 3366 658 3436 Argois,
691 3362 878 3443 &liquidam
903 3369 1007 3438 molem,
1036 3372 1160 3446 quamvis
1194 3370 1322 3429 reclamet
1354 3368 1457 3447 Festus.
1491 3372 1540 3449 qui

507 3520 553 3576 r
579 3445 727 3577 ooo
740 3447 950 3505 „m
1038 3524 1532 3602 s

545 3614 561 3651 2
580 3596 688 3654 Fulmen
703 3599 794 3674 jacit]
820 3600 914 3678 Vulgo
926 3604 1017 3684 jectis
1038 3545 1171 3681 pornicqr'osa
1195 3602 1309 3681 disseofio.
1356 3547 1542 3665 Sed’enaqtob

505 3674 585 3730 arob
610 3688 756 3751 temporum
778 3681 912 3735 rationem
936 3683 1009 3757 Reg.
1039 3680 1136 3738 labitur
1156 3681 1255 3757 Festum
1290 3701 1355 3739 nam
1377 3679 1478 3739 bellum
1500 3681 1544 3754 diff

507 3754 534 3808 δι
554 3752 667 3809 Cantab.
683 3773 717 3809 ne
743 3757 900 3813 vetustiores
922 3758 1011 3816 editos
1041 3759 1117 3815 &um
1141 3760 1179 3815 est
1199 3758 1322 3823 aduella,
1341 3776 1372 3819 ut
1388 3758 1455 3818 bisa
1472 3760 1540 3818 caio

506 3842 672 3893 memorem,
693 3830 821 3911 sequendi
838 3834 1008 3895 videbantur.
1040 3838 1116 3913 Qtin
1131 3836 1194 3902 hoc,
1217 3838 1291 3915 quod
1308 3838 1380 3902 dico,
1400 3837 1476 3895 idem
1494 3843 1543 3894 fo·

504 3908 617 3961 Davios.
1035 3914 1090 3987 ssus
1111 3913 1173 3972 alibi
1196 3913 1287 3973 docet.
1330 3919 1419 3973 Tanta
1441 3916 1480 3971 est
1501 3915 1544 3972 im

506 3985 1011 4137 tocollectarum
1042 3992 1200 4128 asuri
1219 3993 1475 4129 Iussisti
1490 4011 1545 4127 tt:

510 4135 680 4197 tuetur.
696 4160 755 4221 cap.
778 4162 823 4203 ιω
856 4145 938 4208 roo.
1007 4112 1013 4127 ’
1043 4145 1119 4209 coam
1141 4166 1208 4207 cum
1232 4146 1336 4226 duplici
1362 4147 1385 4206 o
1408 4148 1547 4211 scotuna

1513 4238 1552 4284 m*
