3784 5084
395 543 481 650 1152
644 534 1264 654 „oaorvrunrrouu

465 700 585 806 Qtod
607 695 769 779 silatum
792 698 878 792 fuit,
900 698 1005 776 bello
1027 697 1177 775 Punico
1197 695 1366 785 secundo
1389 699 1491 796 erret-⁴

464 816 588 913 citum
618 814 749 917 populi
780 812 950 890 Romani
974 809 1020 887 ad
1045 808 1171 886 lacum
1196 807 1490 891 Thrasrmenum

464 923 644 1012 interirea
694 945 791 1001 num
822 925 861 1000 id
889 923 998 997 vitari
1022 922 1163 1022 potuit,
1192 916 1253 998 'st
1280 922 1490 1030 Flaminius

461 1035 595 1113 consul
618 1035 675 1112 his
710 1031 820 1136 fignis
847 1031 979 1132 hisque
1006 1031 1191 1132 auspiciis,
1227 1033 1366 1133 quibus
1399 1058 1491 1141 pug-

463 1167 552 1222 nare
565 1146 848 1248 prohibebatur,
862 1141 1057 1247 patuisset?
1077 1143 1217 1219 *Certe
1236 1148 1375 1245 potuit.
1404 1143 1491 1225 'Aut

463 1247 579 1357 igir'ur
600 1282 683 1335 non
709 1258 791 1333 fato
813 1259 957 1336 interiit
981 1252 1180 1341 exercitun
1221 1259 1361 1339 mutari
1381 1261 1489 1354 enim

462 1368 539 1444 fata
574 1393 657 1446 uon
692 1367 867 1470 possunt:
908 1384 987 1456 aur,
1026 1360 1172 1445 friato,
1204 1363 1236 1460 (³
1254 1369 1359 1466 quod
1385 1390 1489 1448 certe

431 1495 434 1520 ¹
462 1478 574 1555 vobis
597 1480 805 1557 dicendum
826 1478 890 1581 est)
920 1480 1035 1552 etiam
1060 1470 1087 1550 st
1110 1476 1402 1578 obtemperasset
1426 1504 1489 1557 au-

461 1590 597 1689 spiciis,
627 1592 730 1667 idem
758 1612 985 1667 eventurum
1005 1584 1138 1663 fuisset.
1196 1584 1280 1666 Ubi
1302 1589 1352 1665 eli
1372 1594 1490 1692 igitur

462 1700 527 1777 ista
550 1702 736 1778 divinatio
769 1702 1016 1778 Stoicorum?
1049 1693 1219 1800 'quaest
1245 1703 1326 1776 lato
1352 1707 1489 1803 omnia

462 1810 583 1901 siunt,
618 1813 715 1890 nihil
745 1836 817 1889 nos
850 1813 1059 1888 admonere
1088 1808 1222 1908 potest,
1251 1822 1273 1865 ⁴
1298 1832 1340 1889 ut
1370 1817 1489 1892 cauri·

461 1941 547 1999 ores
576 1916 712 2007 srmusa
763 1946 925 2022 quoquo
949 1923 1055 1997 enim
1087 1919 1210 1996 modo
1243 1946 1315 1999 nos
1338 1927 1487 2025 gelieri-

460 2054 559 2111 mus,
589 2031 654 2108 fiet
686 2053 816 2110 tamen
853 2030 947 2109 illud
974 2031 1081 2131 quod
1115 2031 1287 2109 futurum
1313 2035 1388 2113 est:
1435 2032 1489 2125 snt

459 2165 586 2219 aurern
609 2145 646 2220 id
667 2144 786 2246 potest
807 2143 919 2234 desii,
943 2143 1095 2221 nullum
1116 2142 1321 2221 elisarum:
1362 2147 1414 2225 ita
1437 2173 1488 2229 ne

458 2254 647 2330 divinatio
660 2256 832 2360 quidem,
851 2258 1039 2353 quoniam
1062 2275 1105 2329 ea
1124 2277 1252 2332 rerum
1271 2255 1487 2337 suturarum

458 2364 531 2443 est:
573 2366 670 2445 nihil
696 2386 824 2444 autem
848 2366 898 2443 est
924 2390 994 2469 pro
1019 2384 1125 2442 cerro
1147 2363 1334 2459 fututum,
1378 2372 1486 2471 quod

400 2656 402 2659 ι
460 2600 525 2641 eum
542 2582 654 2658 hujusce
662 2584 757 2659 capitis
769 2585 857 2647 initio,
864 2582 892 2660 fi
902 2602 955 2641 orn·
986 2596 1018 2639 ur
1033 2580 1290 2659 cautitioresfirrus.
1327 2504 1438 2655 ruditus,
1456 2602 1488 2649 ut

459 2663 505 2715 tria
513 2658 584 2735 faro,
602 2659 749 2722 tamarice&
766 2662 865 2719 dixerit
871 2688 880 2729 3
891 2664 954 2740 quid
987 2661 1095 2735 opinor,
1103 2659 1205 2735 scripfit
1221 2676 1253 2717 ut
1267 2662 1382 2721 tutiores
1390 2664 1485 2741 fimus.

459 2736 507 2797 esi,
534 2754 583 2793 cur
599 2737 644 2795 hic
664 2738 761 2815 eodem
782 2740 868 2797 modo
883 2740 956 2818 loqui
987 2738 1086 2794 Pariter
1111 2740 1181 2813 apud
1207 2745 1284 2818 Corn
1308 2746 1437 2818 Severum
1458 2746 1488 2803 in

459 2814 629 2890 nequiverit?
665 2817 777 2870 Davr'et.
987 2815 1072 2871 Aetna
1088 2813 1125 2871 vs
1139 2815 1167 2874 8.
1186 2814 1272 2873 edunt
1461 2814 1475 2871 i

505 2908 516 2945 1
535 2894 561 2944 Si
575 2888 718 2947 Flaminius
732 2890 815 2962 constal
822 2891 834 2963 ]
859 2893 902 2949 Sic
922 2892 956 2951 le·
1022 2899 1108 2965 -Per
1122 2893 1259 2970 insolitum.
1279 2888 1380 2953 'Phoebo
1404 2896 1488 2963 dure,

462 2968 582 3045 gendum
598 2969 644 3030 est,
668 2985 733 3030 non,
747 2966 775 3044 fi
786 2966 957 3037 Flamininus,
1055 2971 1159 3046 cautius
1170 2974 1233 3027 itur.
1260 3036 1262 3040 ι

460 3045 692 3123 quemadmodum
708 3044 776 3102 olirn
790 3046 895 3101 editum
910 3050 957 3111 eil,
988 3044 1028 3103 lbi
1036 3047 1262 3125 quoquelegerim
1272 3052 1357 3105 tutius
1366 3052 1477 3112 iturald.

461 3141 510 3179 me
529 3122 718 3193 imprudente,
743 3121 816 3180 scioli
837 3122 957 3201 alicujus,
1024 3132 1097 3199 5Nr
1118 3124 1211 3182 utilem
1227 3127 1331 3204 qur'dem
1345 3129 1489 3212 arbitror]

462 3214 541 3277 atque
555 3199 622 3257 adeo
636 3198 755 3276 improbi
772 3198 912 3259 nebulonis
925 3223 958 3260 o·
987 3199 1130 3267 Ho'm'ines,
1152 3205 1199 3280 qui
1217 3204 1306 3261 futura
1321 3203 1348 3261 se
1363 3206 1488 3286 didiurqs

462 3294 537 3352 pera:
561 3277 617 3354 qui,
636 3296 682 3334 me
696 3274 810 3343 absente,
826 3276 875 3335 suo
889 3279 956 3337 arbi·
987 3278 1157 3354 pollicentur,
1169 3280 1243 3338 nullo
1256 3280 1336 3356 padio
1348 3282 1488 3344 adeundos

462 3368 534 3411 tratu
547 3354 702 3429 exemplum
716 3372 820 3429 meum,
841 3356 914 3433 quod
928 3377 959 3414 ο·
986 3356 1037 3413 elie
1068 3354 1309 3434 consulendosque,
1339 3357 1382 3417 his
1405 3381 1488 3441 argu-

462 3432 573 3507 perariis
588 3431 781 3507 proposueram
802 3433 835 3490 ad
852 3434 961 3491 imitan·
989 3433 1087 3490 mentis
1102 3434 1278 3492 concludebat
1299 3440 1443 3497 Favorinus
1460 3430 1490 3497 a'·

464 3509 543 3587 dum,
554 3506 628 3583 saepe
641 3508 804 3586 inquinabat.
841 3509 961 3568 Lambin.
990 3509 1044 3585 pud
1060 3509 1196 3585 Agellium
1207 3513 1252 3569 ¹N.
1267 3515 1300 3569 Α.
1318 3513 1363 3571 lib.
1385 3536 1446 3575 arv.
1459 3515 1487 3577 c.

505 3592 615 3643 aCrrre
629 3584 739 3664 potuit]
763 3586 899 3645 Videntur
913 3586 964 3646 hae
993 3608 1017 3645 r.
1052 3588 1244 3663 Autadorrfir‚
1260 3590 1356 3667 inquit,
1376 3608 1490 3667 eventro-

463 3680 545 3722 voces
560 3664 701 3721 abundare.
726 3667 848 3720 ‘Davien
989 3684 1021 3721 ra
1037 3664 1125 3720 dicunt
1137 3679 1188 3721 aut
1198 3666 1322 3746 prospera.
1357 3670 1386 3725 Si
1395 3671 1488 3728 dicunt

543 3741 631 3818 Qud
649 3755 717 3798 certe
738 3740 809 3797 vrbis
828 3742 961 3798 dicendum
1005 3742 1100 3817 raspera
1117 3738 1269 3818 &fasiana
1284 3747 1357 3821 miser
1366 3744 1489 3819 fierfru·

464 3759 525 3895 qs&
547 3815 639 3892 Vulgo
661 3818 730 3895 quod
744 3833 812 3874 certe
833 3817 904 3874 vobis
925 3821 961 3877 ira
982 3754 1039 3951 ἔγ
1063 3821 1233 3893 exputando.
1271 3825 1298 3877 Si
1319 3822 1431 3901 adversa
1447 3828 1488 3884 di-

463 3893 597 3952 dicendum
618 3894 664 3966 est.-
690 3894 733 3950 sed
757 3912 853 3951 vocem
871 3894 961 3971 super·
988 3911 1051 3950 cnr
1130 3896 1307 3963 mentiuntur,
1342 3904 1417 3977 iniser
1435 3901 1486 3976 fier

463 3988 604 4027 vacaneum
620 3971 673 4027 fide
690 3974 761 4029 MSti
775 3972 853 4028 Paris.
868 3974 959 4031 omisi·
981 3972 1081 4050 frustra
1094 3971 1213 4034 timendo.
1250 3974 1294 4035 Sira
1309 3991 1377 4058 verq
1391 3981 1487 4055 respon-

462 4065 534 4107 mus.
571 4050 680 4103 Dauies.
840 4103 843 4108 ,
988 4051 1145 4129 denr‚eaqrre
1153 4042 1279 4127 Jrrnrnnr
1309 4053 1487 4133 raspera‚jarrr

496 4130 569 4202 μὴ
589 4125 721 4183 cautiores
737 4120 844 4204 fimat]
878 4126 959 4212 Paris.
986 4128 1041 4188 inde
1049 4145 1083 4186 ex
1098 4129 1184 4211 animo
1196 4129 1269 4207 miser
1274 4063 1333 4205 lis,
1340 4146 1488 4290 antrquarn

970 4214 975 4229 ¹
1175 4217 1178 4224 ’
1401 4227 1487 4270 rare

1424 4295 1433 4314 .,
1452 4281 1455 4291 2
1475 4273 1487 4306 .t
