3784 5084
318 555 320 559 ·
422 572 499 665 ι4σ
680 478 1316 629 nsnrvrunrrons

483 704 700 801 conieliura
720 701 965 801 adsequetur?
996 701 1071 779 Sed
1091 700 1358 793 animadverti,
1387 697 1516 806 Qrinl

485 838 538 901 te,
566 836 605 893 te
624 831 732 893 caute
747 816 845 890 &ab
866 812 923 889 his
942 815 1184 910 conjeliuris,
1213 836 1309 914 quae
1330 811 1536 889 haberent⁴

487 948 609 1007 artem
633 947 746 1025 atque
769 925 1024 1028 prudentiam,
1055 924 1241 1003 &abhis
1266 925 1390 1005 rebus,
1417 946 1519 1023 quae

489 1036 652 1119 sensibus
687 1054 750 1111 aut
790 1034 953 1113 artificiis
988 1040 1291 1140 perciperentur,
1331 1036 1520 1113 abducere

490 1151 795 1234 divinationem
830 1170 998 1247 ‚eamque
1026 1150 1080 1224 ira
1102 1146 1271 1228 definire,
1301 1147 1519 1223 Divinatio·

488 1284 582 1341 nern
611 1258 682 1336 esse
712 1281 839 1361 earum
867 1282 996 1336 rerum
1026 1259 1325 1362 praediliionem
1351 1261 1389 1335 δι
1413 1278 1520 1359 prae·

491 1368 706 1450 sensionem
733 1393 831 1470 quae
866 1370 983 1448 essent
1007 1369 1200 1448 fortuitae.
1255 1370 1432 1446 Primum
1457 1392 1521 1445 eo·
1550 1393 1552 1395 ·

492 1484 583 1561 dem
611 1485 836 1559 revolveris:
879 1504 970 1559 nam
996 1485 1035 1558 ὅ(
1061 1482 1202 1558 medici
1225 1485 1263 1557 ὅ(
1289 1481 1522 1582 gubernant

494 1598 543 1674 ris
567 1600 604 1672 dr
631 1596 869 1694 imperatoris
892 1588 1101 1693 praesensio
1121 1592 1171 1669 est
1194 1615 1323 1670 rerum
1347 1586 1524 1668 fortuita·

494 1730 592 1785 rum.
648 1706 760 1782 Num
788 1708 904 1806 igitur
927 1724 990 1781 aut
1016 1702 1197 1805 haruspex
1227 1722 1291 1781 aut
1315 1725 1434 1804 augur
1458 1721 1525 1781 aut

494 1818 596 1896 vates
621 1818 705 1915 quis
729 1824 791 1891 aut
818 1819 1011 1893 somnians
1036 1816 1172 1893 melius
1196 1815 1418 1910 conjecerit,
1458 1832 1524 1891 aut

494 1954 516 2006 e
539 1930 683 2003 morbo
705 1925 901 2003 evasurum
921 1947 1120 2029 aegrotum
1141 1946 1205 2004 aut
1227 1951 1248 2003 e
1269 1926 1441 2028 periculo
1459 1945 1526 2002 na·

493 2060 583 2115 vem
608 2056 671 2113 aut
698 2060 743 2111 ex
768 2032 908 2112 insrdiis
934 2041 1167 2127 exerciturus
1197 2059 1317 2140 quam
1340 2029 1537 2117 medicus,

494 2171 612 2250 quam
634 2148 879 2250 gubernator,
907 2172 1023 2248 quam
1049 2154 1280 2253 imperator?
1318 2148 1446 2250 Atqui
1475 2169 1527 2225 ne

498 2265 563 2339 ilia
584 2260 742 2359 quidem
769 2260 974 2355 divinantis
1006 2262 1076 2338 esse
1099 2262 1263 2352 dicebas,
1300 2279 1437 2338 ventos
1461 2276 1527 2336 ant

453 2424 455 2429 -
499 2374 642 2451 imbres
666 2372 932 2473 impendentes
957 2372 1185 2474 quibusdam
1208 2371 1434 2474 praesentire
1460 2365 1529 2471 sig·

499 2489 585 2563 nis:
626 2484 785 2584 (inquo
811 2484 934 2560 nostra
964 2486 1151 2585 quaedam
1177 2482 1319 2559 Aratea
1344 2483 1530 2561 memori·

392 2605 394 2607 ’
500 2617 557 2674 ter
582 2619 602 2670 a
626 2614 664 2672 te
686 2599 930 2697 pronuntiata
953 2594 1055 2699 sunt)
1087 2591 1154 2672 ersr
1175 2595 1267 2671 haec
1292 2594 1369 2697 ipsa
1392 2592 1530 2670 fortui-

505 2727 543 2785 ta
563 2707 670 2791 sunt3
715 2709 942 2807 plerumque
972 2709 1091 2791 enim,
1128 2730 1211 2785 non
1235 2704 1382 2807 semper
1403 2704 1533 2784 eveni-

502 2839 585 2895 unt.
642 2820 750 2921 Qrae
767 2815 817 2892 est
840 2818 966 2917 igitur,
995 2838 1059 2896 aut
1081 2820 1148 2895 ubi
1170 2821 1334 2895 versatur
1354 2816 1531 2895 fortuita·

503 2952 590 3006 rum
617 2949 743 3001 rerum
768 2923 999 3028 praesensio,⁸
1018 2953 1135 3029 quam
1159 2930 1442 3006 divinationem
1464 2949 1532 3006 vo·

507 3047 592 3138 eas?
647 3060 743 3136 quae
769 3041 873 3116 eninr
901 3043 1119 3141 praesentiri
1142 3060 1205 3117 aut
1230 3058 1308 3118 arte
1330 3057 1394 3116 aut
1419 3040 1534 3115 ratio·
1582 3065 1585 3071 ·

505 3177 556 3229 ne
577 3167 639 3224 aut
661 3148 728 3224 usu
749 3170 811 3226 aut
833 3154 1049 3244 conjestura
1073 3153 1236 3254 possunt,
1266 3172 1310 3228 ea
1333 3172 1419 3229 non
1439 3146 1536 3227 divi·

507 3266 566 3364 nis
591 3261 791 3339 tribuenda
816 3282 936 3364 puras,
979 3264 1043 3342 sed
1068 3265 1207 3369 peritis.
1264 3264 1320 3339 Ira
1353 3262 1539 3361 relinqui·

1460 3390 1537 3454 tur,

429 3544 431 3547 y
551 3474 824 3556 1M.Marcrllum]
851 3480 952 3537 Noster
971 3480 1006 3538 de
1037 3478 1100 3537 bello
1118 3482 1208 3537 Punico
1220 3479 1329 3557 secundo
1341 3479 1477 3556 syracastrs
1491 3480 1538 3535 vi·

511 3558 569 3615 fato
588 3574 646 3631 cap.
667 3575 724 3612 xiv.
763 3555 848 3635 Qid
866 3561 934 3613 enim
955 3560 1004 3634 spe·
1036 3560 1080 3619 cir,
1097 3556 1131 3625 &a
1145 3560 1256 3636 quinque
1270 3554 1536 3635 canfhlarusadtptur

510 3640 581 3694 llam
595 3642 666 3690 Deus
683 3634 728 3708 ipse
743 3634 1008 3691 dcererMarcellam
1037 3634 1077 3708 ιβ.
1104 3638 1155 3691 Hic
1171 3650 1262 3693 autem
1272 3633 1424 3696 Marcellus,
1441 3633 1472 3690 de
1504 3651 1539 3691 aa

511 3712 581 3775 ium,
598 3716 643 3789 qui
659 3727 700 3767 ter
718 3710 801 3787 constal
815 3711 881 3787 fuir,
898 3714 924 3767 ln
938 3716 1009 3769 mari
1038 3720 1125 3769 Cicera
1142 3712 1221 3776 abrit,
1246 3711 1385 3791 naufragio
1402 3712 1442 3769 al
1457 3652 1538 3787 ipsam

509 3792 553 3866 'ff‘
575 3796 732 3865 peritarum.
777 3790 812 3844 Et
834 3792 862 3847 in
882 3787 1008 3846 Pisonem
1038 3788 1159 3866 Africam
1178 3792 1263 3865 periit,
1283 3788 1372 3865 paullo
1387 3801 1450 3845 aare
1469 3798 1540 3863 roep-

510 3886 569 3941 cap.
587 3884 646 3922 xix.
663 3873 704 3922 M.
719 3864 879 3932 Marcellum
908 3870 953 3941 qui
968 3882 1009 3923 rer
1037 3882 1097 3924 ram
1111 3865 1343 3925 bellumPunicum
1357 3869 1478 3923 tertium.
1502 3866 1541 3922 E·

475 4016 480 4023 ,
511 3944 803 4022 consttlfur't—-perr'r't
815 3945 840 3997 in
857 3946 935 4000 mari.
954 3944 1008 4001 Ubi
1041 3946 1146 4020 pitome
1160 3947 1275 4003 Liviana
1291 3943 1337 4001 lib.
1353 3962 1401 4017 50.
1431 3951 1475 3999 Ea
1490 3944 1541 3999 erl·

511 4024 631 4090 Ascanius
652 4021 701 4076 ait:
735 4020 843 4095 Fortaffe
865 4024 1009 4098 quaeratis,
1040 4021 1086 4077 bus
1110 4020 1217 4095 legatis,
1253 4024 1299 4099 qui
1321 4022 1360 4077 ad
1380 4017 1542 4097 Mafinlffiam

513 4117 592 4176 quem
607 4097 676 4152 dicat
689 4095 858 4153 Marcellum.
885 4099 946 4155 Fuit
959 4118 1010 4155 au·
1040 4101 1106 4171 mlffl
1109 4097 1230 4174 fuerant,
1243 4098 1370 4155 Claudius
1384 4095 1541 4156 Marcellus,

517 4192 570 4235 tam
592 4186 664 4251 arpos
678 4179 718 4230 M.
732 4174 855 4232 Marcelli
869 4178 935 4257 ejas,
966 4178 1011 4255 qul
1023 4200 1028 4241 r
1041 4192 1126 4236 coorta
1146 4175 1303 4254 tempestate,
1321 4173 1450 4253 flullibus
1464 4173 1544 4231 abra·

1362 4272 1369 4281 ‘
1477 4264 1532 4317 tut,
