3784 5084
400 588 480 666 106
673 569 1268 653 DuDIVINATIONE

458 732 509 821 ei,
539 726 689 806 bellum
727 744 770 800 ut
806 744 897 800 cum
924 747 1012 826 rege
1049 722 1158 801 Perse
1188 742 1349 823 gereret,
1385 726 1488 807 obti-

457 842 586 944 gisset3
624 858 667 913 ut
701 860 744 912 ea
778 833 854 933 ipsa
883 833 946 911 die
985 834 1151 913 domum
1181 836 1262 913 ¹ad
1284 840 1490 941 vesperum

455 954 582 1042 rediit,
611 947 774 1026 filiolam
797 944 901 1021 suam
936 950 1125 1038 Tertiam,
1155 970 1252 1048 quae
1286 968 1373 1027 tum
1406 972 1488 1031 etat

456 1063 671 1140 admodum
700 1080 825 1167 parva,
865 1059 1041 1154 osculans
1079 1061 1290 1137 ¹animum
1327 1062 1492 1143 advertit

457 1176 699 1251 tristieulam:
729 1168 904 1271 quidest,
935 1172 1075 1269 inquit,
1107 1192 1194 1246 mea
1208 1173 1365 1250 Tertia?
1394 1176 1491 1275 quid

458 1284 570 1363 tristis
598 1291 659 1360 es?
689 1282 751 1358 Mi
772 1303 891 1383 pater,
920 1283 1058 1380 inquit,
1088 1282 1195 1359 Persa
1214 1284 1338 1383 periit.
1382 1288 1494 1365 Tum

458 1400 525 1488 ille
550 1396 682 1472 meiius
706 1395 874 1496 puellam
896 1396 1121 1495 conplexui,
1151 1393 1315 1497 Accipio
1350 1386 1491 1491 omen,

459 1511 603 1609 inquit,
631 1528 716 1580 mea
750 1502 854 1581 filia:
895 1524 974 1582 erat
1013 1526 1142 1581 autem
1179 1524 1355 1584 mortuus
1380 1511 1497 1586 catel-

462 1623 591 1698 lusco
623 1619 797 1695 nomine.
853 1614 899 1692 L.
928 1615 1118 1713 Flaccum,
1157 1617 1357 1695 flaminem
1392 1622 1496 1697 Mat·

464 1733 613 1821 tialem,
642 1751 717 1832 ego
735 1726 861 1810 audivi
884 1750 974 1804 eum
995 1729 1152 1819 diceret,
1183 1730 1392 1808 Caeciliam
1408 1732 1497 1807 Me·

464 1846 563 1935 telli,
605 1862 696 1917 eum
729 1837 842 1915 uellet
867 1836 1006 1916 sororis
1036 1844 1119 1918 luae
1151 1836 1271 1917 filiam
1298 1844 1339 1920 io
1363 1844 1497 1919 matti·

463 1956 648 2033 monium
668 1948 888 2033 conlocate,
922 1950 1067 2028 ’exille
1094 1954 1134 2028 in
1161 1951 1358 2051 quoddam
1384 1939 1497 2031 sacel-

463 2065 549 2143 lum
568 2062 713 2138 ominis
727 2060 902 2163 capiendi
916 2065 1050 2150 causa3
1080 2065 1187 2163 quod
1209 2059 1290 2139 fieti
1311 2087 1421 2141 more
1434 2085 1498 2142 ve·

401 2237 405 2246 .
464 2195 592 2252 tetum
617 2172 773 2249 solebat.
815 2172 921 2250 Cum
943 2176 1054 2275 virgo
1068 2174 1191 2266 staret,
1220 2178 1257 2251 δι
1275 2175 1519 2254 Caeciliam*

467 2287 560 2363 sella
575 2284 734 2372 sedetet,
765 2305 892 2382 neque
917 2286 985 2362 diu
1010 2286 1089 2361 ulla
1112 2307 1187 2363 vox
1216 2288 1401 2368 extitisset,
1430 2310 1500 2389 pu·

468 2400 584 2475 ellam
598 2395 846 2497 defetigatam
866 2390 995 2496 petisse
1016 2419 1037 2469 a
1055 2414 1267 2479 matertera,
1277 2419 1318 2473 ut
1330 2392 1397 2473 sibi
1407 2421 1501 2476 con-

467 2511 618 2592 cederet
641 2506 826 2613 paulisper
858 2527 901 2585 ut
932 2511 975 2586 in
999 2510 1081 2607 ejus
1104 2508 1193 2624 sella
1224 2510 1500 2612 acquiescerem

1390 2621 1499 2697 illam

510 2746 522 2783 ι
550 2725 598 2783 Ad
616 2722 772 2799 vesperum]
805 2723 848 2781 Sic
876 2742 974 2804 omnes
1000 2725 1181 2807 interjebiienes
1208 2723 1298 2783 dietae
1323 2724 1409 2784 suere.
1446 2732 1503 2786 Ca·

471 2804 565 2878 poliri.
585 2799 723 2875 Vulgoad
734 2800 884 2875 vesperam:
899 2801 974 2880 quod
1002 2806 1141 2861 merarius.
1545 2865 1550 2873 ⁴

470 2880 569 2941 eodem
591 2876 650 2934 sane
671 2876 758 2943 redit,-
785 2876 829 2933 sed
847 2878 976 2935 audiendi
1040 2878 1134 2954 5Tibi
1153 2888 1184 2939 P.
1204 2878 1353 2963 claudio]
1379 2882 1451 2938 Puto
1467 2878 1506 2939 le·

472 2956 535 3017 sunt
550 2953 649 3013 Mssti.
686 2956 799 3011 Davies.
1003 2957 1124 3035 gendum
1145 2964 1199 3033 Ap.
1218 2956 1368 3026 claudius,
1389 2959 1437 3035 qui
1452 2956 1507 3019 fuit

489 3053 526 3089 .2
551 3035 683 3090 Animum
715 3028 835 3087 advertit
866 3028 978 3105 ers'ssicu-
1006 3038 1034 3091 P.
1049 3034 1148 3099 Clodii,
1168 3036 1308 3092 Ciceronis
1319 3036 1437 3097 inimici,
1450 3037 1510 3093 ira·

472 3110 551 3191 sam]
566 3107 664 3185 Vulgo
681 3108 875 3167 animadvmit
899 3107 977 3184 tristi·
1005 3125 1056 3176 ter,
1080 3130 1166 3189 augur
1187 3112 1376 3188 peritissimum
1403 3112 1452 3189 qui
1477 3130 1508 3174 e·

470 3189 573 3254 sulam.
612 3188 663 3243 Sed
683 3184 844 3263 elegantiam
866 3186 979 3245 MSSto·
1005 3190 1071 3248 tiam
1093 3189 1128 3246 de
1149 3188 1270 3267 augurali
1292 3189 1404 3255 scientia
1422 3188 1508 3248 libros

470 3285 533 3326 rum
551 3261 631 3322 Paris.
649 3267 677 3323 δι
697 3266 771 3341 Reg.
785 3262 910 3339 spernere
922 3283 978 3320 non
1005 3265 1101 3329 edidit,
1117 3267 1244 3325 Ciceron‘
1263 3285 1299 3325 ue
1313 3266 1457 3343 iustripfit‚
1472 3280 1506 3327 ut

469 3344 629 3421 potuimus3
640 3359 691 3397 nec
707 3340 781 3398 aliter
789 3340 978 3398 mammii-
1005 3361 1039 3401 ex
1053 3342 1099 3401 lib.
1117 3348 1169 3402 lll.
1188 3346 1240 3421 Epi
1287 3365 1317 3419 9.
1331 3345 1365 3402 ad
1382 3348 1509 3422 Appium

421 3454 425 3459 ·
469 3421 522 3479 dit.
560 3417 632 3477 Vide
648 3437 697 3476 nos
713 3417 745 3475 ad
770 3416 855 3484 Tusc.
874 3421 910 3481 V,
930 3437 977 3495 ²3·
1006 3419 1153 3498 colligitur,
1173 3426 1201 3483 dc
1224 3422 1363 3499 augurales
1375 3424 1462 3498 Appii
1476 3421 1512 3480 li.

357 3519 359 3525 ·
470 3499 577 3573 idem(
1008 3497 1071 3555 bros
1087 3502 1211 3560 nominat
1226 3499 1320 3575 Festus.
1358 3502 1389 3557 P.
1410 3503 1512 3572 Manu·

510 3597 525 3654 3
545 3571 627 3650 Extffi
646 3573 673 3628 in
686 3571 817 3650 quoddam
823 3566 970 3647 fhoellum]
1010 3577 1078 3635 cius.

471 3657 508 3713 Et
523 3653 605 3711 nodie
618 3649 729 3730 quidem
751 3648 894 3713 concubia,
915 3668 979 3719 pro·
1046 3652 1116 3711 Ibid·
1131 3652 1189 3711 mli
1204 3656 1277 3733 App,
1298 3651 1448 3735 claudio]
1467 3655 1513 3714 ste

471 3732 615 3800 1)ϊὸῡᾶοϊ
637 3729 675 3785 ⁶st
699 3727 815 3785 Valerius
840 3727 978 3785 Maximus
1009 3732 1083 3789 recte
1097 3731 1174 3789 dedit
1193 3730 1338 3793 Lambinus
1359 3752 1393 3791 ex
1416 3734 1513 3809 conje-

471 3805 518 3874 lib.
537 3811 559 3865 l.
576 3825 635 3882 cap.
653 3809 690 3868 V,
704 3823 734 3879 4,
771 3806 853 3861 Idem.
1009 3807 1187 3868 diutaPaulsi
1201 3815 1329 3873 Munatii.
1366 3812 1404 3870 At
1420 3810 1513 3871 Mssei

508 3889 624 3958 4Vere
645 3899 705 3939 mea
729 3881 850 3961 puella]
880 3884 979 3941 Veneti
1008 3884 1089 3943 simul
1102 3884 1203 3945 aelibri
1218 3887 1319 3966 vulgati
1335 3890 1443 3951 habent,
1463 3888 1512 3948 uli

471 3982 552 4017 vero:
580 3978 644 4017 nam
667 3960 790 4037 quamvis
810 3958 877 4019 haee
896 3962 978 4035 parti·
1007 3963 1145 4021 Claudius.
1184 3966 1268 4024 Male:
1289 3968 1354 4027 huic
1369 3971 1445 4027 euim
1464 3988 1512 4027 tu·

471 4038 533 4097 cula
548 4037 605 4095 fere
618 4035 694 4093 alteri
714 4036 808 4095 verbo·
818 4035 898 4095 soleat
917 4035 977 4095 sub·
1007 4042 1071 4117 guri
1084 4059 1188 4101 nomen
1203 4042 1257 4103 fuit
1271 4050 1399 4122 Appium.
1437 4048 1511 4107 Vide

470 4116 562 4194 jungi,
580 4130 672 4170 tamen
693 4118 721 4173 δι
746 4114 855 4172 initialis
877 4118 978 4191 reperi·
1009 4118 1056 4175 lib.
1072 4119 1196 4177 l.'Divin.
1211 4140 1271 4197 cap.
1291 4128 1336 4183 16.
1354 4125 1514 4199 lib.ll.cap,

476 4209 522 4279 pp
538 4196 567 4260 io
582 4187 777 4279 significatione
792 4210 895 4268 etrum,
911 4212 979 4275 quae
1013 4213 1063 4345 {a
1077 4199 1104 4254 δι
1119 4194 1166 4255 lib.
1180 4199 1219 4262 ll.
1232 4199 1268 4281 de
1291 4204 1360 4283 Leg.
1385 4219 1445 4279 cap.
1455 4220 1514 4351 ἐξ.

927 4279 931 4287 ’
1065 4275 1132 4347 aiea
1428 4282 1487 4351 d.
