3784 5084
1370 319 1388 328 ”
1452 317 1545 420 ’Ἣ

380 514 460 611 „aa
668 490 743 590 br
771 484 1260 593 murrea-mour

461 665 723 760 traderentur,
763 693 813 747 ne
851 691 906 744 ars
937 684 1042 745 tanta
1073 682 1227 768 propter
1254 660 1487 746 tenuitateii'r

462 782 670 859 hominum
704 803 724 855 a
757 781 950 879 religionis
983 778 1204 854 auctoritate
1235 778 1486 859 abduceretur

460 894 508 969 ad
529 892 745 969 mercedem
780 910 890 987 atque
907 888 1113 990 quaestum.
1150 886 1315 989 Phryges
1337 893 1483 981 autetn',

457 1007 498 1080 de
522 999 674 1091 Pisidae,
697 1006 736 1078 de
759 1001 912 1087 Cilices,
941 1002 981 1076 de
1003 995 1180 1076 Arabum
1201 1001 1322 1089 natio,
1351 1002 1484 1078 avium

456 1108 789 1213 fignificationibua
812 1113 1022 1211 plurimum
1043 1110 1334 1211 obtemperant:
1373 1112 1483 1210 quod

394 1225 567 1330 '42'idem
598 1223 808 1301 faditatum
842 1224 883 1297 in
919 1216 1088 1298 Umbria
1129 1221 1341 1321 accepimus
1388 1223 1483 1302 ‘Ac

460 1334 558 1409 mihi
582 1335 740 1433 quidem
760 1333 936 1410 videntur
955 1353 975 1406 e
996 1331 1090 1406 locis
1115 1353 1271 1429 quoquc
1297 1329 1336 1433 ip·
1393 1335 1485 1432 qili

457 1468 480 1519 a
502 1445 713 1545 quibusque
736 1444 1014 1532 incolebantur,
1036 1443 1321 1518 divinationum
1341 1451 1483 1544 oppor-

456 1559 638 1632 tunitates
662 1552 732 1631 elie
752 1553 908 1629 dudae:
936 1549 949 1592 ¹
970 1554 1126 1628 etenim
1146 1549 1343 1652 Aegyptii,
1357 1555 1396 1629 ὅ(
1415 1553 1483 1629 Ba·

460 1664 612 1763 bylonii
629 1667 669 1743 in
689 1687 914 1767 camporum
933 1665 1146 1764 patentium
1168 1663 1395 1763 aequoribus
1418 1662 1486 1742 ha·

460 1776 636 1866 bitantes,
675 1778 767 1852 eum
807 1798 851 1850 ex
889 1793 988 1849 terra
1011 1774 1107 1850 nillil
1143 1768 1332 1851 eminciei
1371 1776 1480 1874 quod

459 1885 783 1985 contemplationi
813 1885 908 1960 caeli
940 1876 1096 1960 officere
1135 1882 1277 1987 pollet,
1315 1889 1516 1962 omnem'

460 2018 591 2073 curam
616 1998 656 2071 in
679 1989 841 2072 siderum
865 1997 1090 2097 cognitione
1117 1996 1333 2095 posuerunt.
1373 1994 1482 2076 Etru·

459 2104 511 2184 sci
538 2125 679 2194 autern,
707 2104 813 2203 quod
840 2104 1027 2204 religione
1052 2099 1190 2197 inbuti,
1218 2098 1415 2182 studioiius
1443 2110 1481 2185 δι

457 2218 624 2294 crebrius
646 2215 778 2291 hollias
803 2215 1058 2306 inmolabant,
1071 2235 1248 2294 extorum
1263 2218 1487 2317 cognitioni

459 2328 498 2404 le
518 2330 682 2403 maxime
709 2326 959 2405 dediderunt:
999 2327 1179 2425 quodque
1204 2346 1359 2427 propter
1386 2330 1479 2404 aeris

366 2503 385 2533 „
462 2431 745 2515 crailitudinem
777 2439 824 2511 de
852 2431 959 2513 caclo
984 2439 1081 2539 apud
1100 2460 1165 2513 eos
1190 2439 1309 2512 multa
1328 2434 1481 2539 Q

380 2601 387 2616 ·
460 2550 630 2650 &quod
662 2551 715 2625 ob
747 2548 909 2626 eandem
942 2547 1090 2625 causam
1123 2549 1275 2626 ²multa
1308 2541 1480 2625 inusitata

1341 2681 1481 2759 parum

458 2791 492 2848 tit
513 2790 586 2869 Just.
610 2786 706 2864 Lipfittt
731 2787 814 2845 Eleu.
843 2787 889 2846 lib.
912 2793 950 2849 ll.
983 2788 1042 2859 Sed,
1061 2805 1093 2850 ut
1117 2804 1149 2851 ut
1167 2791 1208 2853 fit,
1237 2788 1312 2866 ttpfit
1327 2792 1482 2855 manifestus

456 2881 516 2957 ‘u
541 2864 954 2999 annuntiaturi
982 2872 1229 3005 namium
1251 2866 1481 3005 lelium

451 2943 567 3095 §ildini
578 2961 688 3095 finiriiis
709 3017 821 3074 attribui
829 2962 953 3095 patuerit
985 2986 1093 3101 singulis
1123 2960 1264 3079 Hetruriare
1289 2963 1403 3097 pipinis,
1435 3024 1483 3101 qui

458 3097 603 3171 Rescribam
622 3095 767 3169 duodecim
795 3097 951 3173 principum
985 3120 1050 3157 xer.
1068 3111 1153 3161 erant,
1169 3086 1245 3154 fitiffe
1263 3099 1374 3156 traditos
1380 3123 1391 3166 ,-
1413 3100 1480 3157 adeo

457 3174 513 3231 lilii.
552 3170 608 3249 Etfi
618 3176 644 3228 in
658 3173 790 3231 Cicerone
808 3174 878 3248 sanas
893 3189 953 3230 tan·
984 3193 1015 3236 ur
1030 3194 1094 3249 cxx.
1112 3173 1257 3232 nobilitatis
1270 3176 1481 3235 Romanaelibe«

457 3264 518 3305 tum
531 3249 611 3323 legas.
649 3249 758 3325 Frrtaffe
782 3268 842 3305 cam
861 3262 953 3308 errore.
985 3273 1030 3311 ros
1045 3255 1073 3310 in
1088 3250 1256 3326 disciplinam
1280 3255 1413 3325 receperit
1427 3256 1485 3311 He«

458 3327 539 3384 Haud
567 3326 627 3383 sane
649 3328 815 3383 conveniunt
837 3327 906 3385 inter
929 3327 956 3385 se
986 3331 1080 3388 truria.
1115 3329 1176 3385 Nec
1189 3326 1263 3383 aliter
1279 3327 1380 3385 Tullius
1395 3329 1483 3387 eilin-

457 3404 622 3462 Valerius&
645 3404 744 3459 Cicero.-
771 3402 815 3460 sed
837 3403 865 3459 id
888 3404 956 3461 vitio
986 3404 1180 3482 terpretandus,
1201 3418 1232 3461 ut
1255 3411 1282 3465 a<
1300 3411 1414 3462 Gratata
1428 3404 1483 3482 plr-

458 3480 489 3540 fit
520 3480 721 3546 Librariorumr
750 3498 814 3537 nam
842 3476 956 3555 scriptor
986 3485 1053 3541 cuit.
1091 3484 1119 3540 Is
1147 3497 1240 3538 tamen
1269 3481 1383 3539 calculos
1416 3482 1484 3543 male

457 3556 501 3616 ille
523 3558 644 3616 nostrum
670 3558 727 3613 fere
749 3552 849 3615 duceni
871 3555 956 3634 stqui·
989 3560 1092 3634 posuit5
1107 3577 1180 3619 nam,
1196 3576 1246 3633 pro
1257 3559 1373 3634 receptis
1384 3578 1483 3617 nume⁶

458 3647 513 3693 tut.
553 3633 634 3709 Apud
647 3648 741 3691 utrum
766 3634 915 3691 vetoredie
930 3633 957 3689 sc
987 3638 1032 3701 rls,
1047 3638 1220 3712 septuaginta,
1253 3655 1310 3691 non
1332 3636 1483 3710 sexaginta,

458 3731 588 3769 numerus
611 3710 713 3771 habent,
743 3708 799 3767 aliis
822 3720 881 3767 rem
898 3719 963 3767 m'e··
987 3715 1047 3769 daos
1068 3716 1211 3788 principum
1226 3710 1295 3785 filios
1318 3712 1413 3771 debuit
1440 3730 1483 3770 re··

460 3791 562 3845 moriac
582 3807 638 3844 non
653 3784 829 3850 tradentibus,
856 3786 957 3863 dijudi-
987 3788 1102 3848 censere.
1138 3792 1250 3845 Davies.

459 3866 512 3951 cari
529 3865 573 3920 vix
593 3865 691 3938 potest:
709 3862 843 3953 probabile
864 3872 954 3953 tamen
1027 3886 1046 3957 ¹..
1058 3872 1094 3922 Ur
1107 3870 1175 3921 enim
1196 3866 1323 3954 Aegyptii,
1346 3879 1378 3921 at
1398 3862 1485 3998 Babp·

459 3940 565 3996 urdetur
591 3958 643 4013 pro
675 3953 818 4016 principum
835 3938 899 4012 filus
930 3958 957 3997 x.
986 3941 1059 4014 lanu]
1075 3941 1284 4021 UtAagyptrr,ut
1301 3940 1439 4020 Babylona,
1463 3959 1487 3997 r·

460 4017 593 4075 Librarius
613 4019 725 4090 repetita
751 4016 834 4079 litera,
856 4016 957 4095 aliaque
986 4019 1091 4077 beotius
1099 4019 1227 4093 legerem,
1236 4018 1487 4097 veletenimAegyp·

458 4104 601 4172 perperam
617 4091 724 4158 intrusa,
742 4097 790 4167 [tx
808 4092 958 4154 inculcaile.
984 4099 1014 4155 tii
1030 4096 1064 4166 ὠ·
1082 4090 1223 4177 Babylonii.
1268 4092 1298 4153 Ρ.
1318 4096 1482 4229 Minucipbsk

470 4186 477 4195 ·
1453 4190 1462 4228 t
1480 4208 1489 4228 .
