3784 5084
686 548 931 634 Lrnnn
985 550 1128 649 ll,3;'.’
1401 553 1483 673 '192

399 703 526 787 multa
547 708 597 787 de
619 706 786 788 ostentis.
839 708 1021 814 Auspicia
1046 709 1193 803 retiam,
1231 711 1271 789 &
1304 709 1424 789 sortes

337 861 340 879 ι
401 842 483 912 eae,
511 844 609 923 quae
639 822 844 913 ducuntur,
884 845 968 902 non
998 824 1098 914 illac,
1125 844 1223 922 quae
1245 825 1422 901 vaticina·

400 933 512 1009 tione
544 932 772 1025 funduntur,
809 956 907 1035 quae
937 933 1065 1013 oracla
1088 936 1212 1011 verius
1238 933 1425 1023 dicimusr

401 1042 451 1120 de
473 1043 612 1144 quibus
634 1062 719 1122 rum
737 1046 928 1128 dicemus,
956 1068 1047 1122 cum
1068 1046 1113 1122 ad
1135 1046 1347 1123 naturalem
1366 1045 1423 1121 di·

401 1155 645 1233 vinarionem
666 1161 906 1236 venerimus:
946 1154 1053 1233 restat
1083 1158 1201 1234 etiam
1226 1156 1274 1233 de
1302 1154 1424 1231 Chal·

402 1264 527 1342 dacis:
575 1267 637 1344 sed
667 1270 836 1368 primum
863 1268 1022 1369 auspicia
1048 1267 1253 1343 videamus.
1311 1258 1424 1342 Diffi·

402 1377 487 1452 cilis
511 1380 642 1479 auguri
667 1381 774 1455 locus
796 1379 844 1456 ad
864 1398 998 1456 contra
1022 1377 1255 1465 dicendum3
1293 1377 1426 1454 Marso

402 1485 570 1581 fortasse,
610 1488 674 1566 sed
707 1492 893 1567 Romano
925 1489 1152 1582 facillimus:
1200 1512 1283 1565 non
1316 1490 1424 1565 enim

402 1597 535 1676 sumus
554 1599 594 1675 hi
613 1624 685 1678 nos
706 1623 876 1702 augures,
899 1604 966 1700 qui
989 1604 1118 1679 avium
1140 1600 1425 1700 reliquorumve

402 1704 601 1810 fignorum
624 1711 889 1793 observatione
912 1712 1038 1790 futura
1061 1710 1241 1788 dicamus.
1298 1710 1347 1785 Et
1370 1727 1421 1786 ta-

403 1842 501 1898 men
537 1820 653 1900 credo
680 1825 921 1919 Romulum,
961 1824 1031 1923 qui
1065 1822 1202 1901 urbem
1235 1818 1428 1921 auspicato

403 1932 593 2017 condidit,
622 1924 785 2012 habuille
805 1933 1047 2036 opinionem.
1073 1931 1147 2010 elie
1166 1934 1207 2008 in
1224 1931 1427 2033 providen-

405 2042 464 2119 dis
496 2046 608 2124 rebus
639 2046 844 2145 augurandi
873 2044 1084 2122 scientiam.
1142 2039 1298 2124 Errabat
1319 2046 1427 2120 enirn

405 2155 540 2231 multis
570 2156 611 2232 in
637 2156 747 2233 rebus
768 2159 982 2255 antiquitas,
1013 2169 1035 2208 ⁴
1055 2175 1147 2255 quas
1175 2156 1236 2232 vel
1256 2149 1325 2231 usu
1349 2156 1429 2249 jam

405 2266 468 2341 vel
495 2264 667 2344 doctrina
702 2270 761 2344 vel
788 2265 984 2366 vetustate
1003 2268 1209 2343 inmutatus
1243 2264 1429 2342 videmus.

405 2375 613 2455 Retinetur
636 2398 764 2455 autem
788 2378 891 2455 &ad
915 2378 1146 2480 opinionem
1166 2376 1284 2475 volgi,
1311 2377 1350 2456 &
1381 2372 1429 2451 ad

407 2508 564 2587 magnas
588 2491 769 2592 utilitates
792 2490 1031 2592 reipublicae,
1055 2509 1156 2575 mos,
1178 2486 1323 2585 religio,
1352 2482 1426 2559 dis·

407 2600 561 2700 ciplina,
590 2602 648 2694 jus
669 2602 880 2701 augurium,
909 2591 1051 2699 collegi
1073 2597 1283 2674 auctoritas.
1342 2595 1432 2675 Nee
1509 2663 1511 2667 .

408 2731 501 2785 vero
526 2733 606 2787 non
632 2714 746 2787 omni
769 2710 954 2812 supplicio
978 2709 1087 2810 digni
1111 2709 1153 2807 Ρ.
1178 2706 1356 2799 Clodius,
1383 2705 1430 2783 L.
1517 2759 1523 2771 „

404 2818 558 2928 Junius,
588 2820 774 2911 consules.
803 2824 870 2920 qui
895 2839 1031 2899 contra
1054 2816 1214 2921 auspicia
1236 2819 1433 2918 navigave-

410 2951 523 3014 runt:
560 2930 771 3035 parendum
805 2935 912 3014 enim
936 2931 1008 3010 fuit
1041 2931 1234 3032 religioni,
1273 2931 1348 3007 nc‘c
1368 2952 1432 3029 pa·

1338 3057 1433 3118 illus

409 3193 458 3256 lua
471 3200 585 3279 quidem
600 3201 771 3267 restiffimee.
784 3199 827 3258 sed
844 3211 906 3256 tum
975 3197 1079 3255 aAiur
1100 3192 1434 3275 loquens—Moneta]
1498 3215 1501 3220 ·

410 3276 552 3337 manifesto
567 3279 639 3337 deest
656 3277 764 3357 aliquid.
783 3297 838 3358 quo
854 3274 908 3333 fata
937 3277 1010 3335 Vide
1023 3274 1069 3331 lib.
1085 3276 1109 3333 I.
1130 3291 1190 3348 cap.
1201 3291 1252 3345 45.
1287 3271 1369 3330 Idem.

409 3352 570 3415 illecausam
587 3375 643 3414 non
656 3355 763 3423 dediffe,
785 3374 834 3413 cur
875 3370 910 3410 ua
978 3372 992 3428 3
1019 3352 1093 3409 Cum
1118 3362 1380 3414 cummanum,
1406 3351 1436 3408 bc

410 3430 590 3494 deduceretur
619 3434 735 3499 Albana,
762 3445 860 3496 conten
882 3448 909 3487 e·
938 3429 1042 3504 niebur]
1062 3426 1155 3505 Vulgo
1169 3427 1272 3505 quando
1289 3442 1349 3481 eum
1364 3444 1438 3482 nemu

409 3524 450 3567 rat
474 3514 575 3571 noster.
597 3509 700 3569 'Hunc
722 3512 837 3572 hiatum,
861 3506 911 3565 ulfi
940 3521 1026 3569 uorat.
1043 3504 1141 3563 aiebat.
1177 3506 1237 3562 Nos
1251 3517 1342 3559 autern
1359 3504 1439 3589 Vibio·

410 3587 530 3649 multum
551 3588 636 3652 fallor,
662 3590 698 3645 lic
719 3590 825 3665 optime
849 3582 911 3661 sup·
940 3589 1011 3643 rium
1041 3584 1203 3649 &MSStos
1229 3578 1334 3638 nostros
1350 3576 1437 3655 seqar-

410 3662 506 3741 plebis:
533 3674 578 3723 ira
592 3683 666 3745 aqua
674 3665 781 3729 Albana
793 3664 910 3721 dedum.
942 3681 1014 3722 mur.
1049 3660 1130 3718 idem.
1558 3711 1561 3718 ,

411 3742 498 3821 Aqua
515 3747 637 3806 Anulum
654 3762 789 3807 nroucrn
806 3743 844 3799 ud
855 3744 910 3798 uri·
978 3759 998 3810 4
1016 3742 1107 3815 Qum
1123 3733 1170 3809 uel
1185 3735 1232 3809 ufir
1246 3734 1310 3814 jam
1332 3730 1379 3787 vel
1395 3732 1440 3791 da·
1550 3790 1553 3795 ,

410 3816 515 3881 litatem
539 3824 602 3895 agri
618 3819 773 3897 suburbani,
802 3839 850 3877 non
874 3819 912 3875 ud
939 3817 1021 3874 birine
1044 3813 1091 3871 vrb
1120 3813 1250 3885 vetustate
1273 3811 1439 3871 inmutatum

408 3911 499 3965 ,urcem
513 3897 656 3977 urbemque
667 3897 838 3956 retinendum.
873 3899 909 3953 E·
938 3891 1075 3964 videmus]
1100 3889 1143 3945 Sic
1156 3891 1238 3963 vulgo
1252 3886 1327 3949 dant,
1355 3904 1385 3944 ac
1400 3890 1440 3947 ita

410 3978 542 4038 arundem
555 3993 656 4034 vocum
671 3978 799 4051 repetitio
811 3972 909 4033 multas
939 3970 1066 4027 Codices.
1113 3968 1271 4022 Pronomen
1290 3964 1439 4044 tamennd
1544 4036 1546 4041 k

410 4056 438 4112 in
456 4070 581 4113 veterum
604 4055 791 4123 monumentis
804 4050 910 4113 lucunas
938 4049 1129 4125 antiquitatem
1149 4043 1242 4098 referri
1257 4042 1366 4115 nequit,-
1388 4039 1459 4110 sed

409 4132 526 4229 peperit.
563 4132 676 4210 Duum,
940 4123 974 4179 ad
991 4144 1030 4192 rer
1052 4120 1154 4200 spediul
1169 4118 1270 4190 ueceffe
1283 4119 1329 4182 est..
1366 4121 1446 4192 Qu«-

447 4233 449 4237 ·
736 4268 739 4274 .
938 4200 1002 4288 ila
1321 4205 1440 4278 uerter
