3784 5084
585 615 589 632 Ι,
743 518 1239 646 trienii,-
1445 560 1503 647 99

404 667 616 758 dedcrunt:
646 676 818 778 itemque
842 674 994 755 senibus
1024 672 1207 773 (sicenim
1231 676 1436 762 confilium
1476 770 1479 787 1

405 791 608 891 publicum
641 792 855 893 appellant)
886 811 1071 889 augurem
1105 791 1277 869 interesse
1303 798 1436 873 volue-

404 920 521 979 runt:
550 896 734 1001 idemque
754 902 803 977 de
826 900 937 977 rebus
963 903 1171 995 majoribus
1197 904 1343 1007 semper
1368 927 1433 984 aut

405 1009 569 1115 Delphis
592 1015 794 1091 oraculum
815 1031 879 1089 aut
904 1014 951 1088 ab
975 1012 1198 1090 Hammone
1218 1037 1282 1092 aut
1302 1039 1321 1091 a
1349 1019 1433 1093 Do·

406 1122 511 1201 dona
543 1126 737 1228 petebant.
791 1122 987 1223 Lycurgus
1011 1125 1185 1224 quidem,
1224 1130 1292 1225 qui
1319 1126 1435 1207 Lace·

405 1232 705 1316 daemoniorum
728 1236 1007 1336 rempublicam
1028 1242 1265 1338 temperavit,
1301 1246 1314 1279 ²
1333 1242 1435 1342 leges
1486 1295 1490 1300 ·

404 1343 487 1423 suas
527 1349 748 1426 ausiotitate
784 1345 982 1449 Apollinis
1016 1347 1192 1447 Delphici
1229 1348 1433 1430 confirma·

404 1458 485 1546 vit:
526 1482 618 1561 quas
647 1467 772 1537 lcum
807 1460 921 1535 vellet
956 1457 1146 1557 Lysander
1178 1483 1432 1555 commutare,

405 1570 542 1647 eadem
565 1567 615 1648 est
644 1570 858 1674 prohibitus
890 1570 1088 1669 religione.
1144 1568 1279 1671 Atque
1316 1579 1434 1651 etiam

404 1684 474 1779 qui
495 1701 689 1783 praeerant
714 1682 1042 1769 Lacedaemoniis,
1073 1705 1156 1758 non
1182 1688 1357 1760 contenti
1378 1691 1433 1763 vi·

403 1794 612 1892 gilantibus
639 1796 751 1878 curis,
781 1804 803 1845 ⁴
820 1795 861 1871 in
882 1788 1078 1891 Pasiphaae
1106 1792 1213 1885 sano,
1252 1796 1359 1893 quod
1383 1797 1433 1874 est

404 1905 449 1980 in
477 1928 570 2009 agro
589 1926 745 2011 propter
768 1904 919 1996 urbem,
953 1903 1207 1984 5somniandi
1236 1907 1343 1983 eausa
1370 1931 1434 1985 ex·

1164 2097 1167 2103 ,
1236 2018 1440 2112 cubabant,

403 2157 444 2217 ria
458 2158 567 2220 refellit.
604 2161 764 2224 Plutarchus
777 2165 806 2223 in
816 2161 904 2242 ligide
934 2162 1020 2236 bant]
1051 2160 1186 2220 Nonnulli
1200 2161 1262 2219 libri
1280 2162 1379 2222 habent
1395 2166 1436 2221 irr-

404 2241 434 2298 &
446 2239 590 2302 Cleombr,
607 2258 669 2322 pag.
689 2261 759 2317 797.
787 2242 856 2317 ‘legis
876 2234 902 2296 a
935 2239 1078 2303 cubabant,
1090 2239 1165 2318 quod
1180 2240 1267 2307 malos
1285 2247 1313 2302 δι
1322 2243 1359 2300 ita
1372 2248 1437 2299 Ma·

403 2322 589 2385 ΙΙΑΣΙΦΑΙΙΣ,
604 2343 648 2387 m
659 2322 785 2392 paratior,
811 2320 901 2374 ΙνΘι·
937 2322 1038 2379 nucius.
1076 2317 1202 2375 Lambin.

401 2388 510 2466 λίμνας
523 2388 656 2471 πμῦρᾶοσν
672 2402 725 2457 &c.
761 2397 903 2455 Tertullia·
975 2396 1045 2457 Ibid.
1062 2396 1307 2473 Samniandicarrffa
1322 2392 1438 2452 excuba-

403 2488 453 2530 trus
466 2473 503 2531 de
523 2475 622 2533 Anima
642 2495 702 2551 cap.
724 2494 800 2533 xuvr.
829 2482 903 2531 Nam
938 2473 1022 2546 bant]
1055 2476 1157 2529 Veram
1180 2487 1247 2548 puto
1269 2470 1356 2529 Parisii
1374 2478 1438 2527 Ma-

403 2546 440 2616 ά
453 2549 566 2609 oraculis
582 2549 629 2611 hoc
643 2574 726 2627 gersus
736 2553 850 2628 stipatus
872 2552 903 2626 ιβ
938 2554 1007 2609 narii
1027 2552 1232 2623 con'Jediuram,
1257 2552 1304 2629 qui
1327 2550 1438 2625 reponit

402 2626 480 2689 prbis,
504 2642 538 2684 rat
557 2629 716 2766 Arzharai
743 2632 818 2706 apud
838 2638 902 2687 ora·
937 2625 1097 2688 incubabant
1104 2650 1112 2692 3
1140 2626 1204 2685 licet
1223 2627 1315 2707 Janrrs
1335 2624 1437 2683 Guliel-

398 2715 485 2781 puras.-
504 2706 603 2784 Arraph'
628 2706 670 2765 chi
683 2710 755 2783 apud
768 2706 903 2764 Mallum:
936 2711 1006 2764 mius
1026 2704 1162 2781 vulgatam
1179 2705 1324 2763 lediionem
1343 2702 1438 2761 defen·

400 2784 561 2857 Sarpedonis,
576 2788 604 2844 irs
622 2789 738 2844 iiuada.-
763 2784 901 2861 Trophonii,
937 2785 992 2847 dat,
1030 2782 1083 2840 uafi
1098 2782 1176 2840 vellet
1190 2784 1279 2840 noller
1294 2802 1341 2839 eos
1356 2800 1371 2837 a
1385 2782 1440 2839 do·

401 2858 558 2919 iaBaraaia:
573 2860 817 2940 Mopss,irrCilicia.·
833 2871 903 2919 Her·
939 2881 988 2920 mo
1012 2804 1060 2919 iun
1087 2858 1154 2918 soris
1184 2860 1327 2919 cubuisse·
1355 2878 1438 2923 nam,

401 2939 515 3001 manae,
533 2942 560 2997 ira
572 2943 739 2999 Macelortia:
764 2939 903 3017 Pafiphaae
940 2954 1124 3017 praeterquam
1136 2939 1209 3016 quod
1224 2936 1369 2995 excubandi
1379 2954 1439 2993 ver·

401 3013 571 3073 irrLaconica
585 3023 639 3078 &e
677 3023 804 3076 Lautam.
833 3018 905 3075 Vide
938 3017 1006 3075 bum
1026 3016 1132 3093 semper
1146 3015 1216 3091 apud
1233 3017 1380 3071 Ciceronem
1395 3016 1439 3070 vi·

399 3090 487 3225 {aaa
524 3094 632 3172 Mesarfii
663 3095 775 3154 Miscell.
803 3099 904 3154 Lacon.
935 3094 1020 3168 gilare
1040 3095 1160 3157 denotet,
1183 3111 1381 3150 incursant
1401 3093 1441 3148 di·

412 3167 622 3250 'b.l.cap.1v.
939 3188 1036 3229 cuntur
1053 3173 1149 3245 proprie
1170 3167 1215 3233 hi,
1242 3171 1289 3247 qur'
1307 3171 1440 3227 dormiunt

441 3252 623 3321 5Samaiaudi
635 3246 904 3329 caufia'excubabant]
938 3250 977 3309 ad
995 3247 1141 3323 accipienda
1165 3247 1282 3323 responsa,
1310 3248 1440 3326 quemad·

402 3321 524 3385 viderur
549 3332 601 3390 else
627 3329 775 3408 legendum
798 3323 904 3383 intraba-
941 3327 1055 3384 modum
1077 3325 1158 3382 docet
1183 3328 1291 3381 Servius
1311 3326 1344 3382 ad
1371 3328 1440 3382 Aen.

402 3396 487 3470 banaa
512 3408 667 3623 qppffipmbo
681 3412 710 3467 bc
725 3404 854 3480 lirgilirss,
871 3405 906 3461 de
941 3425 990 3470 vn,
1008 3405 1065 3482 85.¹
1075 3403 1194 3481 adeoque
1215 3420 1270 3459 vox
1292 3404 1329 3459 est
1343 3402 1393 3459 isac
1411 3404 1442 3459 in

552 3562 572 3622 li

402 3480 504 3540 latino
622 3486 750 3563 loquens,
776 3486 805 3541 iu
826 3483 906 3541 simili
941 3502 970 3539 re
985 3483 1094 3560 signata.
1124 3482 1236 3537 Plautus
1255 3479 1365 3538 Curcul.
1380 3479 1440 3536 Αᾶ.

400 3553 536 3620 intentu
621 3583 671 3621 vu.
692 3562 754 3621 usus
772 3562 819 3624 est,
839 3579 903 3619 cum
941 3564 964 3620 1.
986 3563 1029 3617 Sc.
1053 3561 1075 3622 I,
1096 3561 1143 3615 61.
1171 3566 1237 3615 Leno
1252 3571 1374 3630 aegrotus
1395 3575 1439 3612 m·

402 3632 494 3713 iuquit
940 3633 1038 3696 cufim*
1064 3644 1094 3694 ln
1119 3635 1256 3711 Aesculapi
1281 3634 1356 3710 sano.
1404 3634 1440 3690 Et

431 3712 553 3774 felibus
577 3716 701 3777 incubuit
713 3716 817 3793 stratis,
835 3718 906 3794 Jam-
943 3717 1006 3774 Αᾶ.
1033 3717 1070 3773 ΙΙ.
1092 3718 1134 3771 Sc.
1155 3716 1192 3773 11,
1226 3715 1270 3767 16.
1316 3718 1442 3787 Namque

473 3796 565 3872 nosque
578 3798 685 3872 petivit.
942 3794 1070 3851 incubare
1093 3793 1174 3856 satius
1195 3804 1221 3845 te
1240 3788 1335 3864 fiterat
1361 3787 1441 3862 Jovi.

403 3866 570 3931 lambebant
583 3872 669 3936 euim,
691 3885 723 3931 ut
737 3874 848 3933 somnos
863 3890 906 3929 ca·
943 3870 1045 3929 Eodem
1063 3868 1148 3927 modo
1167 3866 1315 3943 loquuntur
1329 3864 1403 3921 Mela
1419 3868 1442 3928 Ι,

404 3962 515 4025 perentt
538 3967 566 4010 at
583 3948 713 4011 excubare
735 3949 905 4011 contrarium
943 3950 971 4006 8.
988 3954 1014 4007 δι
1027 3944 1203 4006 Tertullianus
1218 3942 1253 4000 de
1270 3944 1370 4000 Anima
1388 3960 1447 4015 cap.

403 4023 542 4104 fignificat.
578 4037 608 4088 Ρ.
627 4034 778 4091 Massurius,
942 4027 995 4101 48.
1041 4028 1128 4085 Sic&
1145 4018 1311 4094 irrorate«,
1336 4020 1448 4080 Graecis

433 4105 512 4190 ibid„
528 4109 676 4168 somniandi
694 4111 772 4186 causti
787 4105 905 4174 excuba-
930 4104 1098 4183 vusurpatur.
1137 4102 1249 4166 Daaies,
1429 4174 1433 4183 ⁸

920 4175 946 4223 ‘J
961 4200 980 4259 ¹2
1289 4198 1300 4236 ι
1320 4176 1444 4261 Quarta
