3784 5084
687 471 1277 618 i1n1R11,3,'42¹
1420 541 1491 622 ¹4³

399 674 459 775 lit,
486 698 586 782 quae
607 673 692 754 alba
716 670 801 757 fini,
828 698 926 775 quac
951 677 1072 779 nigra,
1102 677 1256 754 dicere?
1294 693 1371 767 aut,
1399 670 1429 754 si

398 790 536 892 surdus¹
553 786 612 882 fit,
640 788 836 865 vatietates
848 807 991 865 vocum
1008 806 1079 864 aut
1096 790 1236 866 modos
1248 790 1427 866 noscere?

400 904 469 982 Ad
492 904 642 980 nullam
667 901 783 1001 igitur
803 920 936 975 earum
961 921 1104 993 rerum,
1131 923 1230 1000 quae
1244 900 1352 979 sensu
1371 924 1431 979 ac·

402 1018 610 1118 cipiantur,
644 1011 833 1089 divinatio
862 1010 1076 1089 adhibetur.
1140 1015 1266 1113 Atqui
1299 1037 1350 1089 ne
1384 1017 1428 1092 iu

402 1126 464 1203 his
486 1123 646 1226 quidem
665 1122 788 1202 rebus.
816 1131 1016 1223 qua'earte
1038 1123 1256 1217 tractantur,
1285 1123 1432 1203 divina·

406 1240 518 1315 tione
537 1259 635 1339 opus
661 1232 723 1311 est.
779 1234 828 1310 Et
857 1235 967 1309 enim
1000 1236 1048 1312 ad
1074 1253 1219 1337 aegros,
1261 1258 1346 1313 non
1367 1254 1433 1315 νε*

404 1368 463 1425 tes
482 1366 547 1424 aut
570 1346 753 1427 hariolos,
781 1344 845 1421 sed
859 1346 1032 1424 medicos
1046 1344 1212 1423 solemus
1223 1348 1433 1428 adducere:

405 1484 480 1538 nec
499 1481 593 1536 vero
615 1458 684 1559 qui
717 1454 856 1538 fidibus
884 1476 948 1536 aut
983 1458 1086 1533 tibiis
1110 1459 1167 1533 uti
1193 1461 1363 1558 volunt„
1384 1460 1434 1536 ah

405 1570 664 1672 haruspicibus
684 1569 874 1670 accipiunt
895 1587 1026 1645 earum
1058 1570 1339 1661 trahat-ionem,
1367 1570 1434 1647 sed

406 1676 612 1760 amusicis.
667 1679 814 1757 Eadem
848 1681 890 1756 in
912 1681 1031 1757 literis
1056 1682 1154 1757 ratio
1178 1680 1229 1758 cll
1263 1682 1436 1781 reliquis·

406 1818 484 1893 que
507 1793 631 1885 rebus,
651 1812 836 1891 -quatum
871 1790 922 1868 est
942 1791 1151 1893 disciplina.
1207 1785 1320 1870 Num
1347 1816 1436 1871 cen=

408 1906 464 1982 ses
484 1927 562 1986 cos,
586 1905 655 2004 qui
672 1902 1047 1994 divinaredicuntur,
1076 1902 1178 2006 posse
1192 1903 1435 2007 respondere,
1506 1986 1511 1996 ,

390 2016 477 2093 Sol
502 2017 676 2111 majorne
696 2035 814 2115 quam
837 2031 934 2090 terra
957 2007 1014 2107 stt,
1043 2036 1091 2091 an
1116 2033 1245 2094 tantus
1265 2033 1433 2115 quantus

408 2128 608 2206 videatur?
653 2132 670 2178 ¹
688 2123 875 2224 Lunaque
896 2124 966 2202 suo
988 2128 1137 2204 lumine
1154 2126 1211 2205 'an
1234 2126 1325 2204 solis
1355 2146 1435 2205 uta·

410 2244 503 2316 tut?
529 2237 610 2328 Sol,
639 2237 743 2326 luna,
770 2257 890 2338 quem
917 2256 1073 2313 motum
1098 2236 1287 2316 habeant?
1316 2261 1436 2337 quem

409 2352 585 2451 quinque
621 2344 771 2440 stellae,
812 2370 910 2446 quae
948 2371 1070 2425 errare
1103 2349 1307 2428 dicuntur?
1348 2351 1437 2426 Nec

410 2459 518 2551 haec,
559 2459 628 2560 qui
651 2459 775 2537 divini
808 2457 1008 2549 habentur,
1050 2458 1278 2562 profitentur
1305 2457 1342 2533 se
1366 2460 1439 2536 elle

412 2572 604 2659 distuross
631 2594 706 2649 nec
731 2592 869 2647 eorum
890 2592 989 2669 quae
1003 2571 1045 2646 in
1057 2568 1284 2647 Geometria
1300 2568 1437 2647 descri-

415 2682 570 2764 buntur,
597 2703 697 2781 quae
722 2704 820 2764 vcra,
847 2703 945 2783 quae
966 2680 1057 2758 salsa
1085 2678 1179 2759 sint:
1219 2684 1306 2761 sunt
1331 2685 1446 2776 enim,

414 2816 461 2871 ea
482 2792 860 2884 Mathematicotum,
889 2816 974 2871 non
1007 2791 1258 2871 hariolorum.
1312 2795 1373 2871 De
1394 2796 1436 2871 il·
1477 2793 1523 2905 4'

414 2907 462 2982 lis
479 2928 574 2981 vero
595 2906 718 2985 rebus,
756 2906 922 3004 quaein
957 2903 1198 3009 philosophia
1233 2906 1439 3009 versantur,

416 3014 608 3116 numquid
628 3015 688 3095 est.
717 3016 823 3115 quod
841 3014 1042 3115 quisquam
1062 3018 1285 3095 divinorum
1309 3039 1370 3094 aut
1387 3041 1442 3103 rc·

419 3126 607 3229 spondere
636 3128 753 3203 soleat
788 3144 852 3203 aut
878 3128 1041 3215 consuli,
1081 3127 1188 3233 Quid
1214 3129 1361 3205 bonum
1384 3123 1440 3211 fir,

412 3238 512 3337 quid
532 3230 691 3319 malum,
719 3238 813 3338 quid
841 3243 1049 3319 neutrum?
1095 3237 1192 3316 Sunt
1216 3242 1320 3325 enim
1344 3238 1443 3317 haec

1289 3353 1442 3455 propria

415 3493 551 3570 impressis
570 3494 637 3553 desit
668 3491 798 3567 particula
836 3512 910 3555 num,
974 3494 1133 3569 5Lunaque
1144 3481 1441 3574 [uolumine]Lunam

415 3571 516 3649 alioqui
552 3570 700 3639 neceffarian
736 3586 767 3629 ut
796 3569 912 3629 videtur.
943 3569 990 3626 suo
1006 3570 1045 3626 u'ti
1058 3569 1171 3631 lumine,
1191 3569 1338 3628 statuerunt
1352 3578 1443 3630 Anax·

416 3646 533 3724 Urfinus.
944 3646 1067 3704 imander
1082 3650 1109 3704 lla
1124 3646 1261 3721 Antipho:
1290 3648 1381 3705 Solem
1397 3668 1444 3712 ve?

456 3724 601 3785 ibium
615 3743 684 3785 num
704 3722 797 3802 nescio]
824 3721 918 3801 Vulgo
946 3742 978 3780 ro
990 3725 1139 3785 τηλικοῦτον,
1157 3722 1251 3781 iasa&-
1269 3718 1370 3803 φιίνιξ),
1395 3749 1445 3798 μισ

418 3800 563 3861 secundam
578 3821 677 3861 vocem
691 3803 918 3879 praetermittunt,
948 3790 999 3877 apg-s
1012 3798 1111 3877 μείζω
1125 3792 1137 3861 i
1150 3799 1263 3876 inala'lm,
1279 3802 1365 3861 voluit
1379 3808 1447 3878 Epi·

418 3878 919 4017 unlulauvlulll
946 3876 1446 4015 {unllullilulli·
1480 3900 1483 3908 ·

416 4000 605 4093 etum'narn.
627 4000 675 4114 qiu
698 3976 745 4095 ih
761 3999 822 4095 'ius
844 4034 917 4103 uim
948 3998 1168 4092 u'cuomiaem'
1192 3974 1318 4097 κ’ωωῖἷζ
1335 3996 1446 4111 olipa}

417 4112 496 4191 aestio
513 4115 569 4174 διε.
608 4113 719 4173 Daulias.
945 4108 1171 4191 lib.11.p.190.
1207 4110 1288 4171 Hm.

1082 4195 1085 4200 “
1308 4204 1324 4271 ιΙ
1343 4191 1450 4269 mh

442 4414 456 4447 N
