3784 5084
716 508 909 604 [rin
936 516 1057 615 nr,
1090 541 1153 616 15.
1451 519 1507 611 'aa‘

399 675 502 760 nihil
529 696 719 779 umquam
752 668 824 751 nifi
848 666 1041 778 auspicato
1073 675 1191 778 gerit:
1244 674 1312 772 qui
1345 697 1440 754 cum

401 817 448 871 ex
474 793 613 867 itinere
637 785 812 890 quodam
837 784 1038 889 propofito
1072 792 1111 864 dt
1143 782 1352 864 constituto
1381 811 1442 864 re·

401 900 580 984 verriffet,
615 898 796 1001 ⁵aquilae
818 897 1041 976 admonitus
1065 898 1221 985 volatu3
1251 896 1437 976 conclave

400 1013 515 1105 illud,
554 1012 623 1089 ubi
645 1031 726 1089 erat
748 1008 948 1087 mansurus
973 1005 1003 1087 st
1024 1011 1078 1088 ire
1099 1007 1324 1113 perrexisset,
1354 1032 1442 1111 pro·

399 1146 520 1203 xuma
541 1123 656 1202 nodie
679 1121 838 1201 corruit.
897 1121 1046 1221 Itaque,
1075 1140 1118 1199 ut
1138 1145 1183 1198 ex
1208 1120 1291 1222 ipso
1311 1121 1438 1198 audie-

403 1238 510 1327 bam,
552 1234 730 1337 persaepe
764 1236 921 1313 revertit
954 1258 1000 1311 ex
1037 1234 1187 1325 itinere,
1229 1252 1322 1310 cum
1361 1234 1443 1330 jam

403 1342 618 1451 progreffus
645 1348 733 1425 effer
755 1345 976 1428 multorum
1003 1345 1155 1423 dietum
1184 1342 1299 1422 viam.
1360 1345 1441 1422 Cu-

404 1461 463 1555 jus
484 1457 647 1558 quidem
668 1455 745 1537 hoc
765 1449 1107 1559 praeclariffimum
1133 1455 1196 1548 eti,
1225 1453 1346 1555 quod,
1371 1477 1443 1560 po·
1478 1491 1483 1504 r

405 1570 480 1648 stea
507 1592 623 1671 quam
652 1593 674 1647 a
700 1567 861 1648 Caesare
884 1566 1151 1646 *tetrarchiae
1175 1591 1297 1669 regno
1325 1590 1441 1669 pecu·

405 1684 549 1781 niaque
569 1682 754 1760 multatus
777 1679 841 1772 est,
870 1698 986 1782 negat
1006 1678 1045 1756 se
1064 1698 1198 1756 tamen
1219 1701 1356 1755 eorum
1378 1702 1442 1759 au·

405 1792 633 1893 spinetum,
661 1816 759 1894 quae
782 1788 850 1869 fibi
872 1791 920 1871 ad
945 1792 1176 1893 Pompeium
1200 1787 1443 1895 proficiscen·

405 1906 439 1981 ti
467 1902 630 1983 secunda
653 1904 868 1991 evenerint,
895 1905 1118 2006 poenitere:
1161 1903 1311 1981 senatus
1333 1905 1448 1981 enim*

405 2016 690 2108 austoritatem,
714 2022 754 2099 &
776 2017 912 2121 populi
933 2016 1107 2094 Romani
1128 2016 1356 2097 libertatem.
1386 2034 1441 2093 at·

408 2241 514 2327 sam3
543 2234 688 2339 sibique
712 2263 893 2331 cusanca,
921 2237 1062 2338 quibus
1086 2240 1300 2316 auctoribus
1321 2232 1446 2316 offici·

410 2373 480 2428 um
507 2353 548 2428 &
576 2348 695 2430 fidem
731 2352 881 2431 secutus
918 2349 1017 2434 esset.
1055 2350 1156 2427 bene
1193 2350 1445 2432 consuluisse:

410 2463 674 2562 antiquiorem
697 2465 806 2541 enim
829 2458 897 2541 srbi
923 2461 1029 2538 fuiffe
1053 2452 1345 2561 poffeffionibus
1370 2460 1447 2538 suis

411 2576 592 2677 gloriam.
648 2576 719 2673 lile
739 2574 840 2654 mihi
860 2573 1012 2653 viderur
1036 2573 1153 2677 igitur
1175 2593 1266 2651 vete
1291 2591 1449 2674 augura-

1401 2708 1446 2762 rr.

412 2841 452 2899 do
471 2852 554 2918 paene
572 2840 801 2901 innumerabiliter
818 2863 914 2903 evene·
948 2847 1024 2903 noris.
1063 2844 1136 2904 Vide
1162 2849 1190 2905 δι
1204 2893 1206 2899 .
1219 2862 1280 2921 cap.
1302 2863 1397 2904 xxxiv.
1416 2863 1448 2904 ae

413 2922 480 2977 rint.
518 2919 600 2976 Idem.
947 2923 1048 3003 Rufiem
1069 2924 1099 2981 in
1125 2925 1204 2981 Brev.
1230 2942 1288 2998 cap.
1308 2942 1349 2981 xr.
1385 2926 1456 2981 Fre--

453 3016 468 3073 3
488 2996 608 3074 Aquilae
620 2994 770 3056 admonitus
791 2997 915 3080 volatu]
948 3018 1060 3079 quenres
1076 3001 1138 3058 sunt
1162 3002 1190 3057 in
1207 3016 1329 3058 veterum
1347 3020 1449 3059 monu-

413 3076 480 3131 Hoc
495 3090 638 3132 memorat.
646 3074 762 3134 Valerius
777 3079 916 3134 Maximus
949 3082 1049 3136 mentis
1065 3076 1223 3151 hujufinodi
1243 3080 1366 3136 mendae.
1403 3082 1448 3136 Sic

413 3150 462 3209 lib.
478 3152 501 3207 1.
516 3169 575 3227 cap.
596 3171 634 3217 rv,
651 3172 677 3210 2.
701 3167 806 3212 extern.
822 3159 849 3213 dt
867 3173 917 3211 no·
948 3156 1019 3230 apud
1041 3158 1211 3214 Ladantium
1231 3153 1296 3212 Div.
1316 3158 1380 3213 inst.
1400 3155 1449 3217 lib.

415 3228 468 3285 ster
485 3227 556 3285 infra
570 3227 617 3286 lib.
631 3231 669 3286 11.
685 3249 745 3307 cap.
767 3230 795 3287 8.
836 3232 917 3289 Idem.
949 3236 999 3291 III.
1015 3252 1071 3309 cap.
1094 3251 1145 3301 xrr,
1166 3235 1211 3292 18.
1256 3231 1448 3291 immortalitas

454 3325 477 3379 4
500 3304 675 3364 ‘renarchiae
692 3311 785 3382 regno]
810 3308 918 3365 Rescri·
949 3331 1039 3368 -non
1055 3310 1132 3388 potest
1157 3317 1283 3391 cuiquam
1291 3310 1347 3387 fine
1364 3311 1450 3367 scien·

416 3382 541 3442 bendum
563 3383 682 3449 videtur,
712 3378 917 3454 Tetrarchia'&
948 3392 1000 3446 tiae
1014 3390 1116 3446 virtute
1135 3391 1328 3467 (Leg.scr'entia
1342 3388 1376 3456 (n
1389 3391 1448 3444 vir—

416 3480 511 3535 regno:
535 3462 680 3519 Deiotarus
694 3465 770 3521 enim
784 3466 917 3521 Trocma·
948 3468 1020 3537 tute)
1033 3468 1060 3522 it
1073 3466 1113 3541 est,
1122 3466 1179 3541 fine
1192 3471 1244 3525 Dei
1261 3464 1447 3539 cognitione&

415 3557 521 3596 norum
551 3537 746 3605 tetrarchiam,
774 3542 920 3601 Armeniae
943 3543 1046 3625 justitia
1063 3547 1210 3619 provenire.
1253 3546 1324 3601 Vide
1347 3544 1373 3617 §.
1400 3542 1447 3604 28.

416 3635 484 3674 vero
526 3617 642 3673 minoris
669 3618 759 3677 amifit
788 3637 917 3696 regnum.
951 3641 997 3694 29.
1013 3623 1091 3678 Idem
1107 3624 1252 3698 Epiucap.
1270 3620 1449 3679 1v.-dcTris·

415 3694 520 3751 Noster
531 3692 701 3752 infralib.11.
718 3713 776 3772 cap.
789 3714 836 3771 37.
852 3697 920 3755 Cae·
949 3700 1075 3775 megisto.
1109 3699 1176 3781 Qui
1192 3698 1227 3767 (φ
1243 3700 1383 3757 doetrinae
1401 3718 1450 3756 ve-

417 3770 532 3828 sareum
546 3772 681 3829 Deiotaro
695 3778 865 3847 Trogmorum
880 3790 919 3831 te·
950 3778 1048 3851 instate
1061 3775 1129 3853 philo
1138 3775 1211 3852 opinor
1225 3781 1361 3852 antecrfflt.
1394 3778 1451 3835 Re·

416 3846 565 3906 tranchiam
581 3848 920 3930 eripuiffet--eidemque
952 3854 1120 3927 ponendum.
1148 3857 1194 3931 qui
1217 3854 1252 3922 ό»
1276 3857 1401 3916 doetrina
1422 3860 1453 3915 dt

416 3926 569 4005 detraxrffet
592 3930 753 3985 Armeniam
777 3947 797 3986 a
820 3936 919 3985 Senatu
951 3930 1091 4006 vetustate,
1100 3948 1183 4007 prout
1197 3931 1265 3989 olim
1281 3938 1451 3994 monuimus.

417 4002 524 4060 datam.
555 4004 661 4062 Audiet
678 4004 713 4062 de
724 4003 788 4063 Bell.
802 4005 878 4063 Alex.
893 4026 918 4063 c.
953 4009 1029 4065 ridde
1044 4009 1184 4087 Justinum
1208 4012 1249 4066 M.
1275 4013 1391 4069 Cohort.
1417 4015 1451 4071 ad

435 4100 506 4137 xun.
524 4082 664 4138 Deiotarus
679 4080 831 4140 Tetrarcher
850 4083 917 4140 Gal·
951 4089 1049 4143 Graec.
1070 4105 1130 4164 cap.
1149 4105 1218 4144 χιιι.
1235 4093 1262 4148 &
1278 4089 1405 4169 Cyrsilum
1422 4093 1456 4152 itt

414 4096 850 4233 irruerint—Reuertemur
865 4164 914 4223 mi·
946 4164 1043 4243 Julian.
1058 4162 1103 4225 lib.
1117 4168 1139 4225 1.
1157 4183 1219 4245 pag.
1241 4185 1287 4245 30.
1333 4168 1450 4305 lmine
