3784 5084
393 523 449 610 'tr'

666 501 1265 603 oroivlunrlour

458 656 619 779 Quinte,
631 671 816 752 defendis,
830 666 854 748 ss
866 672 1025 774 quidem
1040 674 1103 750 ista
1114 669 1162 750 stc
1176 675 1483 775 reciprocantur}

456 808 501 862 ut
514 790 566 875 &‚
580 780 872 875 srdivinatiosrr‚
884 778 940 860 Di
954 781 1036 867 stur,
1050 790 1102 877 dc,
1122 780 1215 862 stDi
1226 781 1312 875 stnt,
1330 778 1374 860 fit
1384 785 1481 863 divi·

456 897 588 973 natio:
616 917 783 995 quorum
797 916 979 972 neutrum
998 915 1077 971 tam
1091 894 1214 998 facile,¹
1228 909 1347 996 quam
1369 913 1411 974 tu
1425 919 1482 974 ar·

456 1008 614 1088 bitraris.
630 1007 863 1083 conceditur.
893 1009 934 1082 N
938 1030 999 1082 am
1015 1011 1054 1084 &
1071 1002 1410 1109 naturafignificati
1422 1006 1482 1084 fu·⁴

454 1136 540 1194 rura
562 1114 639 1194 stne
661 1117 750 1193 Deo
769 1119 945 1218 poffunt:
982 1130 993 1163 ¹
1015 1124 1065 1199 dc.
1104 1137 1145 1195 ut
1173 1114 1245 1195 fint
1269 1113 1338 1209 Di,
1360 1117 1483 1220 potest

454 1228 553 1318 fieri,
573 1228 732 1306 utnulla
749 1229 796 1303 ab
815 1227 872 1305 his
886 1229 1074 1306 divinatio
1086 1234 1216 1331 generi
1230 1229 1405 1307 humano
1416 1231 1481 1305 tri·

454 1336 623 1447 butaflstt.
663 1337 797 1440 Atque
820 1341 896 1429 iile,
920 1340 1022 1417 Mihi
1044 1364 1150 1432 vem,
1165 1342 1305 1441 inquit,
1323 1341 1409 1417 satis
1430 1340 1483 1418 est

454 1452 685 1553 argumenti,
710 1455 749 1527 &
767 1451 839 1526 effe
862 1451 967 1541 deos,
993 1456 1032 1530 dc
1059 1476 1125 1528 eos
1147 1452 1347 1531 consulere
1369 1452 1483 1529 rebus

372 1589 375 1597 ·
453 1560 646 1653 humanis,
673 1560 1483 1664 quodeffeclara&perspicuadivinationir

450 1691 591 1775 genera
615 1672 757 1769 judico,
799 1674 861 1751 De
883 1675 1020 1773 quibus
1043 1674 1137 1774 quid
1158 1666 1234 1776 ipse
1256 1673 1432 1767 sentiam,
1454 1668 1482 1749 sr

452 1788 590 1885 piacet,
604 1806 820 1887 exponamr
851 1788 901 1860 ita
922 1804 1066 1875 tamen,
1089 1782 1116 1860 st
1137 1807 1243 1862 vacas
1256 1788 1400 1867 animo,
1415 1807 1481 1863 nc-

452 1920 530 1995 que
555 1897 671 1972 habes
694 1896 848 1995 aliquid,
876 1896 982 1995 quod
1007 1896 1097 1973 huic
1120 1898 1289 1974 sermoni
1312 1905 1482 2001 praevera

453 2009 620 2083 rendum
651 2023 774 2109 putes.
838 2007 925 2108 Ego
957 2029 1070 2098 vem,
1103 2010 1274 2109 inquam,
1313 2007 1481 2112 philoso-

452 2118 577 2218 phiae,
608 2120 769 2225 Quum,
799 2117 946 2220 semper
969 2135 1086 2195 vaco}
1126 2116 1203 2196 hoc
1225 2141 1356 2197 autem
1383 2138 1483 2196 tem·

453 2252 564 2329 pore,
593 2253 684 2306 cum
711 2222 754 2303 fit
778 2229 877 2305 nihii
902 2229 1004 2305 aliud
1037 2230 1144 2330 quod
1174 2229 1337 2333 libenter
1371 2245 1482 2332 agere

453 2334 612 2441 poffim,
641 2339 772 2414 multo
794 2340 914 2440 magis
941 2359 1036 2418 aveo
1061 2341 1203 2433 audire,
1232 2336 1281 2420 de
1306 2344 1483 2421 divinati-

453 2472 533 2527 one
554 2454 648 2553 quid
673 2453 823 2529 sentias.
880 2451 1007 2544 Nihil,
1036 2453 1174 2551 inquit,
1203 2455 1382 2553 equidem
1406 2477 1482 2530 no·

452 2563 504 2650 vi,
527 2587 599 2639 nec
616 2560 722 2663 quod
746 2581 890 2660 praeter
910 2582 1056 2640 ceteros
1077 2563 1154 2664 ipse
1177 2564 1357 2642 sentiam:
1388 2575 1482 2643 nam

453 2695 544 2750 cum
571 2666 876 2772 antiquissimam
904 2672 1147 2764 sententiam,
1184 2695 1271 2752 tum
1296 2678 1482 2753 omnium

452 2786 690 2889 populorum
720 2783 758 2857 dc
786 2785 967 2886 gentium
989 2783 1174 2863 consensu
1198 2787 1482 2894 conprobatam

452 3000 606 3081 mddgen)
624 2998 684 3075 ἄξιἐι
696 3026 734 3079 τᾳ
747 2994 828 3075 digner
844 2997 897 3074 edan
913 2997 961 3077 eqd
985 3005 1110 3082 equidem
1131 3002 1228 3063 melius
1241 2998 1347 3081 possum
1362 2923 1484 3063 dommi-¹

453 3076 556 3157 ὠμίιᾳ
582 3077 642 3144 θεὸς
664 3076 725 3150 εἶναψ
754 3075 784 3144 air
811 3077 839 3137 θ’
863 3086 952 3145 edidere
985 3082 1061 3146 uisci,
1081 3101 1162 3161 quam
1177 3082 1198 3138 sr
1215 3098 1369 3157 reponatur,
1386 3081 1431 3150 όν,
1449 3098 1483 3141 ut

452 3158 721 3239 Shtpjtcdwma}
731 3158 883 3238 ἄμφὸτιμ.
907 3163 952 3218 Sic
984 3176 1075 3218 tamen
1083 3159 1139 3235 fint
1153 3153 1199 3222 Di,
1216 3160 1290 3235 potest
1298 3158 1368 3233 fieri.
1408 3159 1484 3219 Inftd

452 3243 529 3300 enim
558 3240 792 3314 corruptiffimutn
820 3240 893 3299 hunc
911 3238 952 3296 lo·
982 3241 1020 3300 ΙΙ,
1041 3258 1086 3310 ¹7·
1114 3242 1149 3293 Ut
1163 3237 1341 3295 nihilominus
1352 3239 1483 3297 mundum

451 3335 518 3377 cum
535 3317 680 3376 sanandum
697 3332 833 3391 putamus,
852 3318 951 3391 partim
982 3331 1060 3390 regar
1076 3319 1129 3374 &c
1167 3316 1249 3371 Idem.

451 3397 550 3461 nostr-r,
568 3396 671 3471 partim
686 3393 754 3451 eun
767 3396 869 3463 Kuderr'
885 3413 952 3450 con·
1021 3413 1036 3449 2
1054 3400 1114 3448 Duo
1125 3391 1190 3467 sune
1210 3391 1345 3448 divinandi
1359 3395 1483 3530 genera}

449 3474 557 3549 jediura
581 3471 655 3529 freti.
698 3472 770 3528 Vide
794 3491 878 3546 porro
902 3489 953 3526 no·
984 3470 1077 3546 Vulgo
1101 3470 1150 3525 duo
1161 3470 1227 3544 fient
1246 3471 1314 3524 mim
1337 3475 1390 3526 dcc.
1429 3473 1461 3528 Se

452 3551 538 3610 strum
556 3548 626 3607 infra
635 3567 695 3624 cap.
707 3550 789 3625 380&
803 3548 850 3605 lib.
861 3550 898 3606 11.
917 3547 951 3604 de
983 3548 1054 3605 illam
1070 3564 1167 3603 vocem
1184 3544 1268 3603 nescit
1284 3544 1365 3603 Paris.
1399 3547 1482 3606 Idem.

451 3631 541 3705 regg.
559 3646 619 3703 cap.
640 3646 684 3701 ¹3·
720 3629 832 3683 Davies.
1022 3645 1036 3700 3
1060 3622 1148 3707 Qec
1169 3642 1218 3679 nen
1237 3636 1288 3680 aur
1307 3625 1376 3681 extis
1398 3642 1483 3699 pecu-

495 3714 568 3765 1Et,
587 3720 621 3761 ut
630 3700 685 3778 fine
701 3706 757 3764 Dii,
779 3701 855 3779 peresi
863 3701 950 3781 fieri]
982 3702 1069 3763 dum,
1092 3715 1144 3757 aut
1161 3699 1271 3772 monstra
1296 3714 1348 3756 aut
1363 3699 1483 3776 fulgura

453 3784 544 3839 Locus
558 3782 679 3858 quidem,
696 3781 738 3837 uti
753 3799 826 3837 nunc
841 3780 950 3856 legitur,
981 3778 1231 3854 interpretantium]
1276 3778 1326 3834 Vir
1357 3779 1399 3834 ct.
1421 3779 1481 3856 Jos

452 3858 565 3915 fitisest
579 3872 702 3929 apertus3
730 3870 757 3913 at
774 3857 847 3914 Med.
864 3855 898 3923 (φ
915 3858 952 3914 ita
978 3854 1160 3916 Mercerus'ad
1174 3856 1289 3910 Nonium
1302 3856 1330 3911 in
1345 3857 1485 3929 Extispr'cer

451 3951 483 3993 ur
493 3934 548 4011 fine
563 3932 608 3992 Di.
632 3933 712 3991 Paris.
730 3932 826 3991 Eliens.
851 3932 950 3991 Balliol.
982 3935 1131 3991 acu'tissime
1168 3932 1315 4009 legendum
1362 3934 1483 4006 conjecit

454 4010 650 4091 ch.Cantab.
665 4016 692 4069 δι
705 4015 774 4067 Ven.
788 4010 905 4077 daun&
919 4025 952 4065 ut
983 4010 1145 4085 extispicum.-
1193 4009 1258 4084 Ejus
1293 4009 1483 4084 conjecturam
1525 4059 1528 4069 .

452 4092 491 4151 ite
525 4105 564 4148 mr
587 4084 642 4152 Di,
667 4088 744 4165 potest
758 4087 830 4162 fierit
873 4085 953 4147 Nihil
983 4087 1091 4148 firmare
1112 4086 1232 4146 videatur
1257 4086 1346 4146 noster
1371 4083 1418 4143 ub.
1442 4090 1484 4152 tn

1294 4195 1298 4201 ·
1413 4182 1478 4243 cap.
