3784 5084
398 538 480 609 wz
792 514 1174 599 uanTo

466 657 1497 763 mmmmffmmmfiMfflmmffi

469 768 668 855 necessitas
694 768 838 851 efficit:
886 775 925 851 id
951 768 978 848 st
1001 790 1136 852 verum
1170 775 1232 865 est,
1262 775 1360 853 nihil
1383 778 1434 853 ell
1457 782 1500 857 in

469 887 597 966 r'rostra
628 884 831 987 potestate:
874 886 926 962 est
961 904 1090 962 autem
1124 888 1267 985 aliquid
1304 889 1498 966 innostra

470 997 676 1101 mmm
741 992 1499 1089 Qufimfflfiwmmmma

469 1104 1499 1209 efflmmmwmnmmmmn

470 1239 554 1297 unt.
586 1240 851 1318 quaecumque
874 1218 986 1296 fiunt.
1030 1221 1052 1260 2'
1067 1221 1168 1296 Haec
1190 1221 1324 1297 arelius
1347 1219 1498 1299 adstrin-

470 1333 510 1431 gi
531 1332 628 1405 ratio
649 1352 730 1406 non
754 1329 886 1430 potest.
944 1331 1051 1409 Nam
1072 1326 1184 1427 liquis
1203 1332 1300 1407 velit
1316 1330 1422 1406 idem
1444 1356 1499 1409 re-

470 1441 583 1529 ferre,
615 1460 729 1540 atque
753 1444 805 1517 lta
827 1442 966 1531 dicere,
982 1442 1020 1516 Si
1038 1463 1162 1517 omne
1181 1442 1355 1517 fututum
1376 1465 1423 1518 ex
1442 1465 1499 1519 ae·

445 1546 651 1629 'ternitate
673 1572 807 1629 vetum
834 1551 896 1641 est,
924 1572 967 1627 ut
991 1555 1042 1629 ita
1065 1570 1167 1628 certe
1191 1552 1341 1628 eveniat
1364 1576 1500 1653 quem·

473 1657 1501 1749 mmmmmfflmmummmmwstfflmm

472 1776 658 1875 ligatione
677 1775 837 1849 naturali
857 1775 1032 1851 conserte
1055 1780 1309 1873 contexteque
1329 1769 1424 1867 lieri,
1444 1777 1502 1854 ni-

474 1884 530 1959 hil
553 1887 675 1961 dicat:
716 1884 886 1960 multum
921 1880 1028 1960 enim
1057 1881 1200 1974 differt,
1239 1879 1369 1961 utrum
1393 1885 1501 1963 causa

470 1996 656 2078 ¹naturalis
684 2016 729 2067 ex
757 1994 978 2070 aeternitate
1010 1993 1135 2072 futura
1160 2016 1245 2071 vera
1267 1988 1422 2088 efficiat,
1451 2019 1501 2075 an

475 2108 593 2201 etiam
614 2099 690 2180 stne
713 2106 933 2181 aeternitate
948 2107 1124 2196 naturali·
1145 2106 1271 2182 futura
1293 2129 1392 2205 quae
1414 2102 1500 2199 fint,

475 2239 518 2290 ea
551 2236 638 2291 vera
671 2211 740 2289 elie
769 2206 911 2315 polfint
946 2217 1128 2318 intellegi.
1195 2218 1326 2315 Itaque
1350 2217 1501 2296 dicebar

478 2325 704 2405 Carneades,
734 2349 783 2401 ne
810 2323 1040 2427 Apollinem
1068 2327 1225 2426 quidem
1248 2328 1374 2405 fututa
1399 2328 1503 2431 porse

477 2438 616 2528 dicere,
645 2430 715 2512 nist
738 2457 793 2525 ea,
817 2460 983 2535 quorum
1005 2438 1128 2517 causas
1151 2428 1283 2516 natura
1305 2439 1357 2514 ita
1376 2442 1502 2518 conti·

423 2601 426 2606 -
478 2568 602 2637 neretf
632 2564 673 2621 ut
695 2569 738 2621 ea
758 2544 837 2623 fieri
862 2547 1129 2626 neceffeelset.
1170 2549 1274 2647 Quid
1299 2552 1406 2625 enim
1427 2549 1504 2653 spe·

477 2659 580 2733 {ians
594 2658 698 2733 Deua
718 2654 796 2756 ipse
816 2658 958 2736 diceret
974 2661 1200 2736 Marcellum
1224 2682 1326 2741 eum,
1353 2663 1421 2759 qui
1446 2680 1505 2740 tet

478 2768 613 2845 eonsul
633 2766 720 2855 fuit,
758 2770 800 2844 in
826 2772 922 2846 mati
945 2768 1015 2845 elle
1041 2774 1275 2871 petiturum?
1316 2772 1407 2847 Erat
1427 2769 1506 2850 hoc

478 2880 637 2977 quidem
658 2900 790 2953 verum
812 2902 857 2954 ex
877 2881 1108 2964 aeternitate,
1137 2882 1199 2957 sed
1222 2881 1345 2958 caulas
1363 2882 1403 2959 id
1425 2876 1505 2959 effl-

479 2995 623 3065 cientes
647 3012 728 3091 non
754 2987 926 3066 habebar.
979 2985 1105 3069 lta'ne
1129 2995 1327 3093 praeterita
1346 2994 1508 3091 quidem

481 3123 538 3189 ea,
566 3113 736 3199 quotum
759 3103 863 3177 nulla
887 3098 998 3203 lgna.
1026 3121 1223 3202 tamquam
1253 3103 1414 3201 vestigia,
1445 3116 1506 3180 ex-

481 3230 621 3297 tarent,
649 3209 828 3310 Apollini
852 3230 945 3289 nota
968 3217 1036 3289 elle
1062 3214 1258 3290 censebat:
1294 3223 1308 3272 ³
1330 3237 1411 3314 quo
1433 3217 1506 3292 mi

482 3344 553 3399 nus
579 3320 728 3398 futura?
768 3319 881 3401 caulis
906 3327 1013 3402 enim
1035 3317 1288 3402 efficientibus
1310 3336 1508 3426 quamque

1421 3469 1507 3525 lem

530 3619 542 3669 l
563 3594 607 3672 At,
617 3606 732 3687 fifdro]
749 3604 842 3684 Vulgo
866 3604 985 3684 acfifa·
1035 3625 1064 3681 ,3
1085 3593 1150 3688 an
1161 3610 1245 3664 minus
1255 3605 1370 3687 futura]
1387 3610 1460 3685 Reg.
1479 3612 1509 3669 &

488 3695 523 3746 ro.
566 3692 725 3762 Perpetem,
758 3700 905 3759 contraque
937 3705 986 3741 no·
1011 3685 1121 3741 Cantab.
1154 3685 1252 3742 habent
1285 3699 1383 3762 quanto
1410 3688 1508 3743 minus.

489 3769 606 3823 litorum
622 3764 758 3820 Codicum
767 3762 859 3819 fidem.
872 3765 983 3818 Davies.
1013 3764 1084 3818 Haec
1105 3761 1165 3819 saue
1185 3767 1272 3840 magis
1295 3762 1332 3819 est
1353 3763 1447 3820 usrtata
1467 3754 1510 3820 ld·

528 3850 634 3897 2Haec
662 3844 759 3896 arelius
787 3840 891 3913 astringi
919 3842 987 3894 ratio
1011 3839 1110 3916 quendi
1126 3841 1208 3905 ratio;
1232 3841 1304 3897 recia
1325 3855 1426 3903 tamen,
1444 3838 1509 3897 licet

491 3939 538 3975 nott
555 3919 651 3995 potest]
678 3920 710 3980 ln
733 3914 890 3995 quibusdam
913 3916 987 3972 libris
1014 3915 1089 3991 paulo
1103 3920 1195 3979 rarior,
1222 3917 1259 3973 est
1280 3922 1307 3975 dt
1322 3916 1411 3973 altera.
1436 3916 1513 3974 Vide

493 3997 527 4053 fic
550 3994 662 4070 legitur:
693 3992 737 4048 hoc
758 3997 855 4049 arelius
881 3992 985 4068 astringi
1013 3993 1097 4048 modo
1131 3997 1239 4053 Livium
1267 3993 1313 4053 lib.
1335 4003 1372 4050 vt·
1386 3987 1445 4070 capi.
1465 4009 1510 4069 15.

491 4074 646 4130 rarimenon
662 4070 748 4148 petest.
788 4070 942 4129 Lambinus,
1008 4072 1120 4128 Πανία.

1378 4151 1400 4223 4
1414 4146 1510 4231 Μ
