3784 5084
683 604 932 686 Lrtttrn
987 598 1127 696 11,71.'
1399 584 1489 701 563]
1535 595 1537 599 ⁴

382 781 450 843 aut
498 757 736 841 observando
778 775 912 835 notare
951 753 1165 859 poffumus?
1217 750 1415 863 Astrologi

386 892 518 953 motus
541 874 748 949 errantium
775 868 966 946 stellarum
987 884 1240 944 notaverunt:
1278 868 1413 949 invcn·
1492 868 1495 874 '

387 1006 448 1063 tus
472 984 521 1060 est
540 986 648 1061 enirn
679 991 693 1036 ³
719 982 819 1058 ordo
845 982 885 1055 in
907 978 965 1054 his
992 975 1116 1070 stellis,
1145 980 1212 1078 qui
1235 1000 1321 1053 non
1344 998 1412 1085 pu·

386 1093 548 1173 tabatur.
606 1092 719 1170 Cedo
744 1092 915 1180 tandem,
945 1091 1012 1188 qui
1035 1083 1078 1164 srt
1098 1089 1209 1169 ordo,
1230 1108 1294 1164 aut
1319 1108 1416 1188 quae

388 1203 632 1284 concursatio
657 1204 922 1281 somniorum?
953 1223 1035 1301 quo
1057 1202 1181 1277 modo
1207 1220 1334 1277 autem
1359 1198 1416 1275 di·

391 1318 528 1417 stingui
544 1313 694 1416 poliunt
709 1338 795 1391 vera
815 1313 965 1388 somnia
990 1334 1011 1386 a
1034 1306 1143 1403 falsis,
1167 1336 1257 1388 cum
1281 1312 1417 1388 eadem

393 1433 433 1506 ὃς
454 1430 534 1504 aliis
552 1428 659 1502 aliter
683 1428 854 1504 evadant,
876 1427 913 1501 dc
934 1416 1058 1499 isdem
1079 1447 1161 1499 non
1186 1425 1330 1525 semper
1353 1442 1418 1499 eo·

393 1541 484 1615 dem
515 1539 657 1614 modo?
706 1560 749 1613 ut
788 1532 884 1610 mihi
914 1537 1059 1609 mirum
1090 1536 1284 1626 videatur,
1325 1553 1417 1611 cum

394 1650 571 1728 mendaci
615 1645 768 1725 homini
809 1671 858 1723 nc
903 1666 1038 1722 verum.
1072 1647 1228 1744 quidem
1274 1644 1419 1723 dicenti

397 1768 420 1813 ⁴
435 1762 587 1838 credere
609 1760 809 1849 soleamus,
836 1778 917 1856 quo
939 1757 1062 1832 modo
1084 1756 1154 1849 isti,
1176 1753 1200 1832 st
1220 1756 1420 1834 somnium

396 1894 532 1948 verum
547 1864 659 1947 evasit
681 1870 850 1970 aliquod,
870 1888 952 1944 non
968 1892 1013 1943 ex
1028 1871 1158 1943 multis
1176 1874 1303 1970 potius
1320 1877 1336 1923 5
1352 1868 1423 1945 uni

399 1980 517 2059 fidem
553 1983 758 2081 derogant,
800 2001 916 2079 quam
945 2002 990 2054 ex
1015 2002 1097 2054 uno
1129 1982 1423 2059 innumerabilia

401 2092 643 2171 confirmant.
700 2092 739 2167 Si
771 2094 884 2191 igitur
914 2112 1042 2190 neque
1063 2091 1167 2169 Deus
1194 2092 1244 2169 est
1268 2094 1426 2172 elicitur

402 2206 668 2291 somniorum,
700 2226 824 2300 neque
856 2220 1011 2278 naturae
1037 2200 1193 2277 societas
1232 2206 1308 2279 ulla
1335 2224 1428 2282 cum

400 2314 575 2404 somniis,
598 2336 724 2410 utque
748 2312 1013 2389 observatione
1036 2312 1197 2387 inveniri
1212 2318 1339 2415 potuit
1360 2315 1428 2392 sci⁸¹

405 2429 537 2513 cntia3
573 2421 752 2500 effedium
781 2424 842 2513 eli,
863 2444 914 2503 ,ut
948 2422 1045 2497 nihil
1083 2425 1232 2521 prorsus
1270 2424 1438 2503 somniis¹

406 2535 652 2613 tribuendum
679 2532 743 2609 stt:
795 2534 1011 2631 praesertim
1043 2556 1133 2608 cum
1161 2534 1218 2609 illi
1248 2530 1326 2636 ipsi,
1361 2539 1430 2638 qui

407 2670 451 2727 ea
474 2646 617 2739 vident,
647 2643 742 2736 nihil
770 2647 966 2730 divinent3
1009 2641 1062 2732 hi,
1090 2647 1156 2742 qui
1182 2648 1431 2748 interpretan-

408 2779 483 2847 tur,
512 2758 768 2851 conjediuram
795 2754 1009 2842 adhibeant,
1039 2777 1122 2830 non
1148 2776 1345 2834 naturam:
1373 2783 1431 2842 ca·

410 2870 470 2945 sus
506 2888 634 2942 autem
676 2867 1017 2945 innumerabilibus
1052 2888 1171 2964 paene
1204 2868 1357 2946 saeculis
1391 2873 1435 2949 in

386 2980 593 3057 omnibus
619 2980 725 3079 plura
752 2979 953 3066 mirabilia,
982 2997 1099 3075 quam
1123 2978 1163 3055 in
1191 2978 1435 3059 somniorum

409 3086 492 3168 visis
514 3086 704 3167 effecerit:
746 3112 872 3188 neque
895 3084 1128 3182 comedim,
1162 3110 1258 3188 quae
1281 3082 1354 3171 6in
1374 3115 1437 3171 va.
1534 3109 1537 3113 ·

413 3318 505 3378 tamen
523 3300 590 3361 nihil
612 3319 693 3366 errat,
719 3305 828 3383 quadiu
843 3307 916 3363 omni
940 3304 1027 3362 modo
1050 3302 1157 3365 locans
1182 3304 1220 3362 est
1242 3308 1331 3365 noster
1361 3225 1440 3388 ἔιῗτξ

413 3384 572 3441 aeternitate
604 3386 737 3459 conservat
758 3383 911 3459 progressus,
941 3400 1000 3457 cap.
1010 3402 1058 3457 59.
1075 3387 1103 3441 dc
1119 3382 1153 3439 de
1166 3386 1225 3441 Fin.
1240 3392 1274 3451 V,
1293 3404 1339 3447 20.
1359 3386 1442 3458 idem.

415 3459 450 3529 ό·
478 3458 618 3535 regreffur,
647 3460 803 3538 reliquofique
829 3476 913 3518 motus
978 3462 1067 3537 5Uni
1075 3458 1158 3534 fidem
1179 3463 1330 3543 derogant,
1357 3482 1442 3539 quam

414 3537 552 3611 tristantes
576 3533 611 3603 ὸ
627 3550 707 3595 rator.
744 3536 832 3595 Verba
853 3538 914 3596 sunt
943 3538 1217 3615 -confirmautJ
1251 3543 1377 3616 Lambinr
1400 3562 1445 3613 te·

414 3613 496 3673 Tullii
527 3615 567 3671 N.
590 3614 627 3669 D.
656 3613 761 3672 lib.11.
788 3632 846 3690 cap.
871 3633 916 3677 ιο.
945 3615 1117 3675 scribendum
1153 3620 1275 3685 videtur,
1308 3621 1447 3694 derogent,

417 3692 490 3749 Vide
506 3692 538 3750 fis
554 3694 583 3750 δι
598 3690 682 3749 Tusc.
695 3690 742 3748 lib.
755 3693 780 3749 l.
798 3709 857 3769 cap.
872 3710 887 3747 2
891 3711 919 3767 5.
947 3712 1030 3774 quarn
1040 3727 1071 3741 -
1082 3694 1238 3768 confirmem.
1283 3700 1374 3775 anue
1397 3693 1447 3757 sal-⁴

418 3768 502 3851 idun.
949 3788 1007 3828 tem
1027 3771 1148 3831 ufitatior
1167 3775 1204 3831 est
1219 3774 1347 3855 loquendi
1364 3777 1450 3849 ratio,

454 3846 619 3923 4UCredere
642 3843 799 3923 soleamus]
854 3846 923 3923 Legi
952 3849 1032 3914 idem.

420 3922 501 4003 queat
518 3924 618 3980 rredm
635 3941 690 3980 non
698 3922 838 3998 soleamus.
872 3923 923 3979 Sed
989 3928 1056 3981 din
1070 3928 1163 3984 varias
1175 3941 1264 4004 parrer
1278 3931 1338 3989 duci
1355 3931 1451 4009 poffit]
1563 3933 1567 3939 “

420 4019 488 4072 curn
504 4002 593 4057 MSSti
606 3999 764 4075 particulam
777 4013 922 4076 negantem
955 4001 1048 4078 Vulgo
1061 4004 1137 4077 potest
1144 4028 1154 4071 ς
1174 4006 1218 4065 sed
1232 4008 1316 4068 editio
1330 4010 1455 4078 lidorius,

421 4097 483 4151 nou
501 4075 656 4155 agnoscant,
677 4094 775 4134 eorum
792 4076 852 4135 sane
866 4096 926 4153 par·
957 4099 992 4137 nn
1006 4079 1127 4158 nostram
1141 4082 1287 4146 lediionem
1300 4068 1454 4168 repraesem

423 4168 466 4244 ret
485 4173 542 4215 uon
565 4151 740 4221 deseruerim.
780 4156 841 4219 Pari
855 4168 929 4215 certe
958 4170 1007 4215 rat.
1041 4155 1127 4237 Idem..
1284 4155 1286 4160 ’

955 4235 1020 4332 lla
1336 4234 1458 4339 er
