3784 5084
400 564 478 623 ιιι
672 530 1272 617 ΒΕΒΙἫΝΑΤΙΟΝΕ

465 677 671 786 inscripfitl
710 681 822 759 Nihil
845 680 906 763 est,
935 685 1129 782 inquiunt,
1158 686 1263 783 quod
1288 684 1393 762 Deus
1417 678 1502 767 effi·

468 819 554 873 eere
578 820 662 874 non
695 787 822 896 poffit.
877 788 1045 871 Utinam
1070 796 1244 896 sapientis
1273 796 1423 875 Stoicos
1447 791 1501 876 es·

471 906 632 986 fecisset,
671 930 720 981 ne
751 904 886 980 omnia
916 928 1006 980 cum
1044 904 1287 1006 superstitiosa
1320 907 1502 987 sollicitu-

474 1020 566 1096 dine
582 1022 621 1095 &
643 1012 793 1092 miseria
817 1017 1032 1093 crederent!
1068 1016 1142 1093 Sed
1163 1014 1239 1093 hoe
1260 1015 1420 1116 quidem
1437 1043 1502 1123 ge·

472 1152 545 1204 nus
578 1129 824 1205 divinationis
851 1130 926 1203 vita
961 1128 1039 1222 jam
1074 1133 1295 1204 communis
1325 1126 1496 1233 explosit.

473 1239 495 1309 .¹
513 1240 601 1315 Fani
623 1237 869 1341 pulchritudo
899 1244 938 1314 dc
967 1236 1137 1327 vetustas,
1175 1237 1502 1319 Praenestinarum

476 1350 591 1425 etiam
607 1374 711 1426 nunc
730 1350 868 1425 retinet
892 1348 1051 1425 sortium
1072 1371 1241 1436 nomen3
1263 1369 1376 1449 atque
1398 1353 1440 1431 id
1461 1355 1502 1429 in

476 1463 632 1559 volgus:
661 1462 746 1559 quis
769 1462 875 1535 enim
903 1459 1147 1559 magistratus,
1177 1478 1240 1536 aut
1263 1463 1425 1559 quievit
1444 1465 1503 1540 in·

477 1570 625 1648 lullrior
657 1574 777 1647 utitur
814 1572 1001 1646 sortibus?
1058 1572 1191 1646 ceteris
1221 1593 1315 1647 veto
1340 1573 1382 1648 in
1406 1576 1502 1652 locis

477 1684 596 1758 sortes
631 1684 743 1782 plane
778 1682 1015 1758 refrixerunt.
1078 1680 1239 1788 ‘Quod
1275 1682 1504 1772 Carneaden

479 1794 748 1869 Clitomachus
771 1789 896 1869 scribit
913 1794 1043 1867 dicere
1065 1790 1235 1881 solitum,
1257 1794 1446 1894 nusquam
1465 1796 1504 1872 se

478 1901 1266 2000 fortunatiorem,quampraeneste,vidiffe
1279 1903 1503 1985 Fortunam.

414 2016 578 2113 aeaego
611 2014 687 2091 hoc
712 2015 958 2089 divinationis
991 2036 1110 2114 genus
1141 2014 1378 2093 omittamus.
1435 2013 1504 2095 Ad

480 2122 953 2200 chaldaeorum'monstra
967 2127 1184 2201 veniamus:
1215 2126 1414 2226 dequibus
1428 2128 1506 2205 Eu·

478 2236 597 2327 dorus
619 2236 787 2311 Platonis
809 2236 971 2325 auditor,
987 2237 1026 2310 in
1048 2233 1259 2338 astrologia,
1277 2239 1422 2331 iudicio
1435 2240 1505 2317 do-

476 2341 728 2423 triffimorum
745 2346 966 2435 hominum,
985 2345 1095 2421 facile
1114 2348 1296 2451 princeps,
1311 2343 1359 2426 fic
1371 2348 1506 2452 opina-

460 2476 552 2550 tur,
563 2459 598 2534 id
613 2460 717 2558 quod
734 2458 912 2558 scriptum
926 2456 1332 2554 reliquit,“Chaldaeis
1346 2462 1507 2562 inprae-

477 2578 504 2612 “
518 2571 685 2646 didione
700 2573 735 2648 ἃ
755 2572 795 2644 in
808 2571 1010 2645 notatione
1024 2566 1202 2667 cujusque
1217 2572 1314 2646 vitae
1329 2593 1375 2647 cx
1387 2574 1505 2649 natali

391 2712 392 2716 ¹
482 2683 583 2755 “die
607 2678 1138 2756 minimcelsectedendum.''
1171 2680 1365 2757 Nominat
1385 2685 1506 2759 etiam

480 2790 690 2869 Panaetius,
704 2795 769 2888 qui
790 2813 920 2875 unuse
943 2788 1080 2865 Stoicis
1100 2786 1375 2893 astrologorum
1401 2815 1507 2894 prae·

479 2901 577 2978 dida
603 2903 742 2996 rejecit,
763 2914 776 2956 ⁸
797 2898 1033 2976 Archelaum
1055 2903 1093 2977 dt
1115 2902 1378 2996 Cassandrum,
1402 2903 1507 2983 sum·

1412 3038 1501 3093 mOS

523 3182 532 3218 1
556 3164 620 3221 Fani
639 3178 731 3219 autem
753 3161 917 3238 pulchritudo
940 3158 978 3231 &a
1007 3160 1134 3218 nestinam
1157 3162 1304 3221 Carneades
1326 3161 1504 3227 fortunatiu-

479 3240 592 3295 vrtustas
653 3243 685 3297 ln
703 3243 779 3297 Paris.
793 3243 831 3298 est
846 3238 976 3313 venustas.
1006 3257 1079 3294 mam
1095 3239 1203 3298 dixerit.
1238 3241 1319 3299 Idem.

482 3316 543 3371 Nec
559 3240 669 3374 austrea
683 3317 788 3375 videtur
805 3338 835 3375 ea
854 3320 932 3377 ratio,
949 3317 973 3373 li·
1045 3334 1058 3389 3
1078 3314 1239 3375 Archelaum
1256 3315 1291 3386 ά
1305 3318 1505 3451 Caffeatsrttm]

483 3408 527 3454 eet
539 3395 620 3449 etiam
638 3392 683 3449 vul
718 3408 744 3451 ta
757 3414 813 3452 non
830 3397 861 3453 fir
872 3394 981 3449 iucom·
1007 3394 1125 3461 Viderint
1139 3394 1224 3452 edidit
1233 3393 1336 3453 naehta
1348 3415 1406 3461 um,
1421 3415 1501 3477 quam

483 3470 577 3531 moda.
613 3470 742 3527 Simiiter
763 3472 927 3547 venustatem
953 3475 979 3531 de
1006 3469 1116 3543 quidem
1133 3469 1278 3528 leffionem
1301 3470 1407 3532 servant
1420 3478 1503 3535 etiam

480 3545 699 3625 pulchritudinem
719 3550 862 3623 conjunxit
879 3545 980 3604 Tullius
1008 3546 1086 3605 Fatis.
1104 3547 1179 3604 Mod.
1195 3552 1222 3607 δι
1238 3552 1310 3627 Reg.
1348 3551 1434 3609 Idem.

407 3631 409 3635 '
484 3626 567 3683 Offic.
582 3628 605 3693 1,
622 3643 671 3698 27.
708 3629 819 3683 Davies.
1042 3632 1166 3697 4Tetam
1181 3623 1227 3682 hee
1238 3625 1415 3686 Chaldaicum
1426 3641 1504 3706 prae·

523 3702 629 3774 2Quod
641 3704 805 3769 Carneaden]
821 3704 978 3836 Legendum
1005 3701 1101 3759 scendi
1113 3700 1222 3781 genus]
1257 3704 1375 3761 Mediam
1404 3726 1503 3769 vocem

482 3781 591 3837 videtur
609 3799 659 3856 quo
672 3781 839 3844 Carneaden,
879 3781 979 3841 oceli,
1005 3798 1061 3837 non
1083 3780 1162 3837 habet
1184 3783 1255 3858 Reg.
1273 3800 1323 3838 nec
1344 3800 1375 3839 ea
1395 3783 1503 3844 videtur

483 3876 573 3931 qnare,
592 3876 672 3933 quam
695 3858 732 3912 ob
749 3856 865 3914 causarn.
907 3858 980 3915 Vide
1004 3857 1151 3919 necessaria,
1170 3875 1235 3914 cum
1257 3857 1375 3915 Tullium
1392 3858 1428 3917 de
1446 3864 1504 3918 Ge·

484 3939 621 3989 Donatum
640 3934 673 3990 ad
689 3939 798 3991 Terentii
814 3934 898 3991 Andr.
915 3936 978 3993 att.
1003 3934 1142 3991 nethliacis
1175 3952 1255 4012 agere
1291 3936 1351 3993 fitis
1389 3938 1503 3999 constet.

484 4010 521 4065 ll.
540 4013 581 4066 Sc.
600 4031 625 4073 v,
645 4011 688 4068 18.
725 4012 871 4068 Rationem
889 4015 979 4068 conti·
1003 4011 1228 4089 Quandoquidem
1246 4031 1312 4069 vero
1320 4010 1504 4078 woradum·

482 4102 530 4145 aet
542 4106 572 4145 ea
585 4088 744 4155 vocularum
756 4087 893 4148 fortunam
903 4090 979 4148 Prae·
1003 4106 1058 4147 eata
1075 4088 1107 4149 lit
1121 4089 1335 4158 studiosissimus,-
1346 4110 1399 4152 uec
1417 4110 1432 4150 a
1446 4090 1505 4150 vul·

1416 4281 1418 4286 λ
1439 4181 1505 4248 32⁸
