3784 5084
692 552 937 639 Lrneu
993 556 1137 653 Il,4z.'
1415 582 1488 659 ιη

404 731 496 789 mos
515 708 721 813 astrologos
747 712 847 791 illius
872 714 1003 789 aetatis
1023 735 1098 813 qua
1119 732 1197 791 erat
1219 712 1310 815 ipse,
1338 736 1430 792 cum

406 825 451 898 in
476 826 610 902 ceteris
634 824 853 925 astrologiae
877 826 1044 924 partibus
1077 829 1317 916 excellerent,
1355 827 1432 905 hoc

407 934 675 1034 praedidionis
697 959 836 1037 genere
857 959 940 1013 non
960 933 1056 1014 usos.
1114 936 1245 1036 Scylax
1266 939 1431 1015 Halicar-

407 1045 564 1134 narnus,
586 1045 778 1124 familiaris
802 1048 981 1136 Panaetii,
1007 1048 1193 1125 excellens
1220 1049 1260 1124 in
1280 1049 1432 1128 astrolo-

407 1158 482 1255 gia,
520 1156 700 1258 idemque
731 1160 772 1235 in
798 1157 961 1256 regenda
982 1157 1045 1233 sua
1069 1161 1220 1235 civitate
1246 1164 1432 1262 princeps,

410 1277 433 1318 ⁴
447 1285 578 1344 totum
601 1267 677 1347 hoc
702 1268 954 1345 Chaldaicum
977 1270 1216 1369 praedicendi
1238 1294 1356 1371 genus
1378 1294 1434 1346 re·

407 1380 589 1478 pudiavit.
645 1379 733 1469 Sed,
761 1401 803 1457 ut
828 1382 975 1456 ratione
1000 1401 1164 1469 utamur,
1205 1375 1353 1459 omiffis
1377 1400 1433 1458 te·

406 1488 543 1577 stibua3
571 1487 620 1567 fic
643 1490 695 1567 isti
717 1490 920 1592 disputant,
940 1495 1008 1590 qui
1028 1490 1120 1569 haec
1146 1490 1432 1570 Chaldaeorum

410 1603 583 1677 natalicia
607 1600 794 1701 praedida
819 1602 1043 1680 defendunt.
1112 1603 1206 1682 Vim
1236 1604 1431 1702 quandam

411 1712 480 1789 elle
504 1714 612 1789 aiunt
631 1707 809 1814 fignifero
831 1714 871 1789 in
891 1715 998 1803 orbe,
1021 1717 1086 1814 qui
1112 1712 1254 1794 Graece
1272 1705 1434 1828 (ahenis

411 1824 570 1914 dicitur„
603 1824 731 1905 talem,
769 1844 811 1902 ut
836 1828 913 1920 ejus
938 1828 1041 1902 orbis
1067 1848 1315 1925 unaquaeque
1339 1846 1434 1925 pars,

410 1936 480 2018 alia
516 1930 592 2027 alio
625 1937 766 2018 modo,
808 1954 965 2012 moveat
995 1939 1239 2035 inmutetque
1268 1939 1441 2040 caelum,

408 2047 565 2147 perinde
589 2065 632 2125 ut
660 2070 831 2147 quaeque
863 2046 988 2123 stellae
1021 2049 1060 2123 in
1085 2046 1142 2123 his
1170 2047 1432 2147 finitumisque

409 2159 576 2256 partibus
598 2156 670 2236 smt
690 2179 846 2259 quoque
868 2176 1065 2257 tempore3
1093 2181 1253 2258 eamque
1275 2163 1355 2236 vim
1371 2180 1430 2234 va·

409 2268 462 2343 rie
489 2275 637 2347 moveri
665 2264 711 2348 ab
743 2270 799 2346 his
835 2261 1011 2345 fideribus
1035 2293 1132 2367 quae
1166 2289 1352 2347 vocantur
1377 2293 1431 2345 er·

408 2384 544 2457 tantia.
604 2384 708 2459 Cum
730 2401 856 2457 autem
886 2382 926 2456 in
953 2400 1037 2454 eam
1060 2378 1177 2481 ipsam
1202 2401 1347 2481 partem
1370 2401 1431 2453 or·
1488 2392 1495 2408 ·

408 2487 464 2566 bis
487 2495 673 2576 venerint,
702 2498 743 2570 in
767 2515 841 2591 qua
864 2485 906 2566 fit
929 2512 1035 2566 ortus
1058 2494 1223 2588 ejusqui
1247 2492 1431 2578 nascatur,
1543 2478 1548 2492 ⁸

407 2622 472 2678 aut
508 2604 549 2679 in
577 2628 676 2692 eam,
715 2626 811 2702 quae
850 2603 1101 2699 conjuneium
1131 2602 1272 2699 aliquid
1296 2600 1432 2676 habeat

408 2731 471 2789 aut
494 2714 758 2801 consentiens3
802 2724 877 2786 ‘ea
895 2714 1081 2814 triangula
1106 2714 1162 2789 illi
1188 2717 1228 2790 δι
1251 2713 1433 2809 quadrata

408 2828 624 2902 nominant.
679 2828 729 2902 Et
752 2827 857 2901 enim
879 2816 894 2862 ⁶
912 2848 1002 2901 cum
1024 2844 1200 2927 tempore
1222 2826 1314 2899 anni
1336 2844 1432 2899 tem-

405 2934 666 3043 pestatumque
704 2941 798 3015 caeli
844 2928 1108 3018 conversiones
1154 2936 1431 3014 commutatio-

1288 3047 1431 3145 aesque

406 3202 468 3267 gata
481 3190 599 3249 lefflone
610 3190 736 3249 recedant
750 3188 833 3247 ceteri
847 3188 902 3245 Co·
927 3187 1005 3254 τοῦν
1028 3180 1119 3262 {adim
1148 3173 1238 3255 ’ἔχοντες
1266 3182 1297 3242 τὶ
1323 3181 1428 3263 μεταξὺ

405 3268 584 3335 dices3hanc
598 3269 771 3327 omiffionem
781 3266 901 3329 Librario
928 3262 1064 3342 :algleqpae'
1089 3258 1161 3318 κατέι
1185 3286 1225 3321 aar
1256 3262 1328 3337 ’φησι
1344 3263 1379 3329 Ji,
1408 3272 1434 3324 ω’

404 3345 499 3402 malim
507 3346 633 3408 tribuere,
647 3365 726 3424 quam
740 3344 857 3422 reliquos
870 3342 903 3400 li·
928 3338 998 3402 eloi.
1046 3342 1118 3399 Vide
1147 3347 1224 3404 Mani
1236 3348 1292 3401 ium
1317 3343 1363 3403 lib.
1389 3349 1428 3404 11.

405 3420 468 3481 bros
481 3419 651 3482 Gloffematis
666 3422 804 3499 postulare.
819 3420 900 3479 Idem.
929 3441 1011 3501 pagg.
1030 3441 1076 3499 37,
1097 3420 1143 3496 38.
1164 3423 1192 3478 &
1214 3424 1377 3498 Censorinum
1395 3423 1430 3484 de

441 3508 516 3574 52¹⁸
530 3499 569 3556 illi
587 3498 724 3573 triangula
740 3500 774 3568 ὸ
789 3499 902 3575 quadra-
927 3502 972 3559 die
989 3501 1053 3557 Nat.
1070 3517 1129 3571 cap.
1147 3515 1209 3558 rur.
1246 3500 1330 3556 Idem.

403 3594 435 3634 aa
467 3580 618 3653 nominant]
662 3580 736 3634 Haec
761 3574 902 3633 elucidabit
966 3580 984 3634 6
1005 3584 1075 3633 Cum
1097 3592 1222 3649 tempore
1243 3578 1306 3632 anni
1330 3587 1429 3651 tempe·

403 3665 499 3715 Sextus
522 3658 666 3732 Empiricus
684 3654 745 3712 adv.
768 3651 901 3710 Mathem.
921 3655 1076 3732 statumque
1098 3651 1163 3711 caeli
1178 3649 1344 3726 converfiones
1359 3670 1430 3709 com·

403 3732 452 3791 lib.
468 3736 505 3789 V.
525 3734 550 3807 §.
569 3753 617 3809 39.
648 3722 843 3787 Ἐπιῖλὶτανῆ
862 3723 904 3783 λε’·
930 3733 1134 3807 mutationesque
1149 3743 1242 3785 tantae
1248 3727 1336 3805 fiant]
1355 3732 1429 3789 Haec

402 3831 485 3890 panae
499 3810 620 3875 ἀλλήλους
636 3805 904 3885 (οἱᾶςίμς)ιιᾲ4συμ-
930 3824 1051 3869 natatore
1071 3807 1182 3886 quidem
1205 3806 1294 3863 Deliio
1321 3822 1430 3869 carente

403 3889 487 3957 porcia
501 3889 626 3956 ἅλλῆλλς,
640 3886 672 3952 ὃς
692 3879 796 3949 u'mia
814 3880 905 3956 τελμ-
932 3887 991 3950 sed,
1013 3901 1044 3943 ut
1065 3886 1181 3959 opinor,
1204 3883 1234 3938 in
1257 3883 1429 3946 Librariosa

402 3990 437 4022 m
455 3960 468 4027 l
485 3966 626 4043 ,πενθίμων
647 3962 801 4038 parre‘pnmr,
850 3972 903 4017 Kea-
930 3968 1048 4021 Cicerone
1074 3961 1151 4034 culpa
1174 3959 1212 4015 est
1237 3958 1429 4020 transferenda.

401 4040 440 4102 ela
457 4044 571 4116 τόμιον
587 4069 635 4117 μιν
652 4040 679 4103 ἓν
693 4035 864 4120 gaunilo),
882 4042 904 4102 θ
932 4041 1022 4098 Mssn
1038 4042 1109 4115 Reg.
1125 4037 1272 4098 &Cannu
1283 4037 1434 4112 exhibent,

399 4125 545 4217 {aleppiae
564 4123 677 4198 daniam
702 4119 794 4200 ἂςίςες,
826 4116 901 4178 elul
930 4138 992 4175 cum
1015 4131 1142 4197 tempore
1159 4114 1223 4178 anni
1240 4114 1306 4177 caeli
1325 4135 1435 4179 canum

907 4198 956 4287 aa
1348 4189 1429 4273 an
