3784 5084
361 481 492 677 W

713 564 792 645 or
824 560 1312 677 mutuatione

513 724 577 802 ¹in
595 742 679 826 quo
702 721 925 825 haruspices,
943 744 1112 822 augures,
1132 720 1443 820 coniectoresque
1455 745 1536 806 nus

507 854 714 914 metantur.
763 837 865 910 Haec
888 835 1137 933 inprobantur
1159 857 1179 910 a
1202 834 1482 932 Peripateticis3
1506 857 1529 911 a

507 949 646 1034 Stoicis
669 946 937 1023 defenduntur.
997 950 1174 1045 Quorum
1199 945 1269 1020 alia
1290 942 1377 1020 sunt
1406 940 1529 1045 posita

507 1062 552 1139 in
588 1060 852 1133 monumentis
886 1061 924 1135 &
955 1056 1175 1158 disciplinae
1211 1052 1318 1152 quod
1348 1053 1555 1132 Etrusco.

508 1192 597 1253 rum
619 1168 867 1244 declarant&
890 1167 1128 1270 haruspicini,
1169 1169 1209 1243 &
1243 1164 1460 1265 fulgurales,
1489 1168 1530 1243 δι

518 1292 534 1325 ²
553 1280 774 1357 tonitruales
797 1280 897 1369 libri,
927 1278 1069 1355 ³vestti
1090 1278 1205 1352 etiam
1220 1275 1435 1376 augurales:
1458 1276 1532 1353 alia

511 1409 644 1472 autem
678 1392 802 1466 subito
832 1413 876 1464 ex
906 1409 1082 1489 tempore
1104 1388 1318 1482 conieciuta
1341 1386 1531 1487 explicari·
1561 1386 1565 1391 ’

511 1522 588 1591 tur,
619 1502 807 1601 ute-apud
824 1502 1039 1584 Homerum
1065 1497 1237 1587 Calchas,
1261 1498 1329 1596 qui
1352 1519 1397 1571 etr
1419 1497 1532 1598 paffc·

511 1637 600 1703 turn
615 1630 783 1690 'numero
804 1613 895 1687 belli
908 1613 1069 1704 Troiani
1090 1632 1210 1685 annos
1235 1625 1435 1707 auguratus
1458 1606 1535 1683 elle

512 1728 552 1813 oc
568 1743 610 1800 ut
626 1727 641 1774 r
662 1725 703 1800 in
718 1723 842 1799 Sullae
855 1720 1036 1821 scriptum
1051 1720 1201 1796 historia
1224 1718 1410 1810 videmus,
1424 1718 1535 1822 quod

513 1852 554 1920 tc
576 1833 804 1932 inspectante
829 1831 975 1909 faetunr
998 1830 1062 1911 est,
1088 1849 1144 1920 ut,
1172 1846 1262 1907 cunt
1287 1829 1352 1904 ille
1378 1830 1420 1905 in
1443 1849 1537 1930 agro

514 1946 678 2031 Nolano
699 1944 920 2020 immolaret
945 1954 1032 2019 ante
1056 1942 1304 2044 praetorium,
1334 1938 1380 2019 ab
1403 1936 1537 2017 infima

1478 2072 1541 2130 ara

560 2210 572 2249 ι
599 2198 629 2249 ln
656 2190 729 2269 qur]
762 2191 860 2254 Forsan
883 2188 1014 2270 inpuris,
1046 2190 1185 2251 referatur.
1221 2184 1334 2265 Urfirrus.

516 2266 924 2347 -uempedivinandigeneribue
940 2280 1018 2341 Dav.
1082 2268 1146 2327 ibid.
1164 2268 1252 2327 Vestri
1273 2269 1354 2323 etiarn
1374 2260 1542 2398 augurales?

562 2366 577 2401 2
595 2346 766 2405 'tonitruales
781 2346 867 2426 libri]
886 2351 929 2406 Sic
946 2350 1020 2407 reete
1048 2348 1092 2405 Est
1118 2365 1132 2403 a
1160 2346 1221 2403 Pali.
1251 2344 1340 2400 Ursm.
1366 2344 1438 2401 Pith.
1460 2343 1545 2400 Patr.

524 2423 576 2484 Pal.
600 2422 651 2481 sec.
672 2426 745 2502 Reg.
765 2430 792 2484 st
814 2425 926 2484 Cautab.
945 2427 1018 2506 quod
1051 2428 1168 2483 Merton.
1183 2420 1282 2481 Balliol.
1296 2427 1324 2482 &
1340 2423 1412 2500 Reg.
1447 2419 1544 2495 Inepte

519 2509 639 2569 §rutero
657 2500 720 2575 jure
738 2502 844 2578 placuit.
882 2505 1021 2565 Adludunt
1051 2502 1134 2580 vulgo
1160 2502 1233 2567 nollri
1265 2502 1348 2556 etiarn
1384 2496 1544 2572 augurults3

525 2581 608 2637 etiam
625 2578 698 2636 Med.
713 2580 812 2638 Balliol.
833 2582 893 2640 Pall.
913 2597 975 2658 tert.
994 2590 1021 2644 ilc
1051 2583 1163 2657 nqu
1176 2580 1280 2637 Tullius
1291 2582 1414 2637 Marcum
1424 2576 1547 2641 fratrem,
1569 2587 1572 2593 '

524 2671 614 2732 quart.
646 2657 693 2731 qui
730 2659 852 2716 rriruales
885 2660 1023 2719 exhibent.
1051 2658 1098 2735 qui
1112 2675 1197 2734 augur
1212 2655 1273 2726 fuit,
1287 2655 1446 2735 adloquitur.
1467 2662 1546 2711 Duo.

527 2734 622 2810 Vulgo
654 2733 776 2792 rituales.
822 2738 899 2797 Licet
930 2753 1023 2796 autem
1089 2736 1210 2810 4Apud
1234 2744 1378 2793 Homerum
1405 2730 1550 2809 calchas]

528 2808 726 2867 Hetruscorum
744 2810 845 2871 fuerint
859 2813 919 2870 libri
938 2818 1024 2872 ritua·
1054 2814 1086 2869 ln
1106 2811 1184 2870 editis
1202 2831 1341 2889 perperam
1357 2809 1479 2870 Chalcus.
1493 2811 1547 2874 'vi-

467 2937 471 2945 .
528 2885 574 2951 let,
586 2902 617 2945 ut
633 2888 735 2942 constat
750 2894 922 2967 exCensorino
935 2892 970 2949 de
982 2892 1025 2950 die
1054 2889 1088 2946 de
1103 2891 1135 2947 fis
1147 2888 1216 2948 infra
1228 2890 1322 2947 lib.ll.
1340 2907 1453 2965 cap.3o.
1469 2888 1550 2948 idern.
1591 2941 1593 2946 .

530 2964 623 3037 Natali
640 2981 717 3038 capp.
742 2968 1025 3039 rr,17.hicramen
1093 2986 1111 3043 5
1135 2975 1164 3025 ln
1190 2967 1273 3026 Sullae
1295 2972 1423 3045 scriptum
1448 2965 1552 3042 historie

431 3087 434 3094 .
530 3062 629 3101 eorum
656 3043 761 3100 mentio
789 3044 896 3119 prorsus
924 3047 962 3107 est
982 3046 1027 3103 ab·
1056 3044 1195 3129 videmus]
1212 3049 1245 3103 ln
1259 3046 1338 3104 editis
1351 3043 1552 3122 plerisqueper·

531 3120 605 3180 suna.
621 3138 685 3179 cunt
700 3121 729 3176 in
744 3121 777 3177 iis
791 3121 972 3201 perscriptum
989 3122 1027 3181 es·
1058 3141 1150 3198 peram
1165 3123 1189 3181 le
1210 3125 1264 3180 itur
1284 3123 1416 3199 Sisennam
1438 3141 1503 3180 narn
1520 3127 1553 3181 L.

532 3196 590 3263 set,
619 3217 670 3277 que
699 3200 754 3254 ritu
781 3201 924 3260 condantur
943 3202 1029 3270 urbes,
1059 3203 1145 3258 Corn.
1159 3142 1226 3278 syla
1240 3200 1274 3258 de
1288 3200 1366 3259 rebus
1380 3199 1434 3259 suis
1447 3200 1555 3278 reliquit

531 3276 607 3342 aedes
629 3276 779 3348 fircrrnrur,
812 3298 866 3354 qua
887 3283 1029 3355 firnllirure
1060 3280 1281 3337 commentarios·
1318 3277 1389 3334 Vide
1404 3285 1438 3335 G.
1452 3277 1488 3356 J.
1504 3277 1557 3354 Vrs-

533 3356 613 3422 muri,
631 3354 752 3430 perjure
772 3366 871 3429 portae,
894 3378 943 3435 quo
960 3360 1030 3415 modo
1052 3358 1124 3434 stum
1137 3356 1171 3413 de
1183 3357 1284 3413 Histor.
1302 3356 1389 3413 Latin.
1403 3355 1450 3414 lib.
1463 3358 1486 3414 1.
1498 3372 1557 3430 cap.

532 3430 627 3501 tribus,
643 3434 741 3488 curiae,
763 3437 896 3490 centuriae
914 3432 1031 3509 dislribu-
1060 3457 1088 3509 9.
1128 3433 1289 3511 Prodigium
1318 3450 1391 3498 vero,
1418 3432 1492 3512 quod
1511 3430 1558 3489 hic

534 3519 626 3579 untur,
645 3523 771 3564 exercitus
782 3510 978 3584 constituantur,
992 3532 1032 3569 or·
1063 3526 1197 3569 memorat
1212 3510 1325 3574 Tullius.
1343 3530 1382 3585 ,ex
1405 3530 1439 3569 eo
1459 3508 1558 3587 repetit

534 3586 665 3647 dineutur,
696 3600 833 3664 ceteraque
854 3590 975 3670 ejusmodi
997 3591 1036 3647 ad
1062 3588 1177 3648 Valerius
1194 3592 1333 3664 Maximus
1345 3585 1391 3649 llb.
1406 3592 1430 3649 1.
1443 3605 1503 3665 cap.
1519 3604 1559 3646 vt,

536 3663 644 3729 bellum,
676 3663 714 3718 ad
737 3676 840 3738 pacem,
862 3669 1031 3743 pertinentla5
1061 3688 1090 3743 4·
1134 3668 1231 3734 Adisrs
1246 3670 1412 3741 &nostrum
1427 3662 1558 3732 infralib.

535 3739 769 3875 guemadmodum
786 3742 867 3800 docet
881 3744 972 3819 Festus.
997 3745 1035 3799 A·
1063 3747 1101 3804 11.
1116 3748 1180 3818 cap.
1198 3766 1242 3822 30.
1280 3748 1307 3803 Si
1327 3746 1429 3827 Jeanni
1448 3743 1560 3820 quidem

556 3837 590 3874 eo
610 3832 641 3876 ut
660 3817 715 3874 huc
736 3837 832 3876 eorum
856 3839 912 3878 non
935 3839 1034 3878 conue-
1065 3820 1230 3898 Freinfhemlo
1244 3824 1381 3883 credimus
1393 3822 1425 3879 ad
1441 3822 1507 3879 Florr'
1515 3816 1562 3875 lib.

522 3896 593 3953 »niat
607 3911 810 3971 argumentum.
847 3898 927 3954 Idem.
1065 3902 1116 3957 ΙΙΙ.
1130 3918 1189 3976 cap.
1201 3920 1282 3965 xuni,
1303 3922 1312 3958 t
1321 3922 1347 3979 3.
1364 3901 1438 3959 idem
1452 3898 1562 3957 tradunt

578 3991 592 4043 3
613 3971 704 4027 Nostri
721 3975 802 4029 eriam
813 3974 975 4054 augurales]
991 3983 1035 4033 Ve·
1065 3975 1205 4055 obsequens
1231 3978 1265 4036 de
1286 3978 1396 4058 Prodig.
1415 3996 1473 4054 cap.
1499 3974 1566 4035 116.

532 4048 761 4125 firiestinltlsto,
777 4054 804 4110 δι
820 4050 1035 4111 inscribendum
1068 4061 1094 4115 &
1121 4054 1278 4114 Plutarchus
1299 4059 1327 4116 in
1351 4056 1420 4135 Sylla
1438 4074 1496 4133 cap.
1519 4068 1565 4124 17.

538 4129 586 4200 tl»
614 4142 645 4201 ut
667 4127 699 4188 ld
727 4133 853 4206 picerent
874 4151 1038 4222 auguratum
1069 4140 1105 4219 A}
1128 4141 1245 4223 onninp
1263 4140 1340 4224 falsgt
1357 4143 1397 4221 est
1417 4142 1458 4217 pir
1473 4139 1566 4211 erudi·

1507 4236 1569 4293 Ulli
