3784 5084
419 516 492 604 ηε
677 445 1274 622 nanturunrroua

480 657 648 737 adfertur
673 684 693 737 a
720 659 926 735 Praxitele:
967 660 1030 737 sed
1056 683 1147 738 cum
1173 662 1295 734 multa
1322 650 1408 735 sunt
1441 650 1507 734 dei

482 773 598 848 ttai'ta
621 774 719 849 &ad
740 768 970 847 lineamenta
990 774 1066 847 otis
1091 791 1317 873 perventum
1340 769 1403 851 est,
1423 787 1511 843 tum

383 900 386 906 ·
482 885 678 985 intellegas
704 884 813 976 illud,
841 884 948 981 quod
973 885 1051 977 jam
1074 884 1287 982 expolitum
1320 876 1377 970 stt,
1408 882 1512 955 intus

483 994 602 1070 fuine.
643 990 766 1070 Potest
784 996 899 1093 igitur
920 992 995 1068 tale
1016 995 1159 1092 aliquid
1179 996 1296 1069 etiam
1317 993 1378 1068 sua
1400 990 1512 1092 spon·

480 1105 584 1181 rein
608 1106 817 1207 lapicidinis
840 1103 1035 1180 Chiorum
1057 1103 1225 1180 extitiffe.
1268 1103 1343 1179 Sed
1366 1099 1410 1178 fit
1434 1099 1512 1176 hoc

484 1213 627 1291 fidium.
685 1217 814 1322 Quid?
851 1215 895 1290 ln
918 1216 1084 1292 nubibus
1105 1238 1317 1314 numquam
1341 1212 1514 1289 animad-

484 1326 626 1403 vertisti
647 1328 770 1404 leonis
792 1326 962 1402 formam
996 1345 1059 1402 aut
1083 1325 1399 1427 hippocentauri?
1439 1324 1514 1399 Po·

485 1437 553 1513 test
576 1440 703 1537 igitur,
730 1439 837 1538 quod
860 1437 984 1511 modo
1012 1441 1186 1537 negabat,
1226 1440 1424 1513 veritatem
1455 1457 1515 1510 ca·

427 1546 546 1623 zzsus
571 1550 722 1626 imitari.
766 1550 840 1625 Sed
863 1551 1050 1647 quoniam
1072 1548 1120 1624 de
1142 1550 1234 1625 extis
1258 1552 1297 1624 ὅ(
1318 1548 1365 1624 de
1388 1545 1515 1647 fulgu·

473 1659 589 1761 ribus
605 1661 688 1736 latis
708 1661 758 1737 ell
779 1661 1037 1760 disputatum:
1067 1658 1212 1737 ostenta
1232 1659 1377 1740 restant,
1390 1677 1432 1736 ut
1456 1674 1518 1732 to·

487 1788 526 1848 ta
548 1769 780 1872 haruspicina
801 1768 1082 1871 sttportradlata.
1103 1772 1114 1809 ¹
1133 1771 1264 1849 Mulae
1279 1789 1405 1871 partus
1425 1789 1515 1870 pro·

487 1880 584 1956 latus
609 1882 659 1956 est
685 1905 705 1956 a
737 1902 788 1957 te.
857 1884 934 1959 Res
966 1883 1156 1962 mirabilis,
1195 1902 1395 1984 propterea
1425 1880 1516 1977 quia

488 2014 572 2067 non
598 1992 706 2091 saepe
735 1990 801 2068 fit:
842 1991 903 2067 sed
934 1987 1067 2068 stlieti
1092 2016 1176 2069 non
1202 1994 1392 2095 potuillet‚
1419 1988 1515 2067 sada

488 2123 572 2183 non
592 2101 692 2178 effer.
744 2102 878 2201 Atque
892 2101 968 2179 hoe
987 2121 1123 2181 contra
1145 2107 1280 2181 omnia
1297 2103 1440 2179 ostenta
1454 2122 1515 2179 va·

488 2211 585 2298 leat:
602 2214 618 2255 ²
638 2236 866 2313 numquam,
894 2216 999 2313 quod
1025 2214 1105 2292 fieri
1130 2239 1211 2292 non
1236 2217 1418 2316 potuerit,
1440 2209 1516 2289 effe

486 2321 654 2401 fadum:
684 2319 740 2401 sin
753 2327 934 2425 potuerit,
948 2349 1032 2402 non
1051 2325 1122 2403 effe
1136 2327 1368 2404 mirandum.
1411 2324 1516 2400 Cau·

490 2432 615 2512 sarum
640 2438 746 2540 enim
770 2439 963 2537 ignoratio
992 2439 1035 2513 in
1067 2459 1233 2515 renova
1264 2436 1517 2514 mirationem

491 2542 605 2625 facit:
647 2548 782 2624 eadem
807 2550 999 2648 ignoratio
1017 2540 1075 2629 ³ss
1101 2549 1141 2625 iu
1162 2551 1271 2626 rebus
1294 2544 1434 2626 usitatis
1455 2545 1518 2626 ella

493 2676 575 2733 non
602 2660 808 2734 miramur:
859 2680 952 2735 nam
979 2662 1046 2759 qui
1074 2660 1222 2736 mulam
1247 2660 1422 2763 peperiffe
1446 2657 1520 2731 mi·
1561 2650 1566 2656 ’

493 2787 608 2857 ratur,
647 2771 690 2857 is,
728 2791 807 2866 quo
830 2770 955 2845 modo
983 2792 1079 2868 equa
1113 2773 1228 2871 pariat
1261 2789 1325 2847 aut
1348 2769 1521 2847 omnino

494 2898 590 2973 quae
616 2898 747 2954 natura
781 2897 930 2978 partum
955 2883 1158 2958 animantis
1188 2874 1312 2973 faciat,
1341 2884 1519 2983 ignorat:

415 3016 422 3029 ·
492 2984 570 3081 sed,
599 2989 705 3090 quod
732 2992 864 3067 crebro
896 2992 1013 3074 videt,
1052 3016 1136 3069 non
1164 2996 1333 3073 miratur,
1361 2984 1521 3079 etiamst,

1449 3122 1518 3179 cur
1557 3187 1563 3193 ,

536 3215 546 3257 l
569 3202 662 3264 Mulae
680 3209 795 3283 partus]
822 3207 892 3266 Vide
905 3207 952 3267 lib.
967 3210 990 3265 1.
1019 3202 1334 3285 viora-ostentameffe
1347 3210 1436 3284 censer.
1472 3208 1524 3263 Pa·

493 3295 551 3353 cap.
572 3284 616 3341 18.
652 3289 763 3342 Davies.
1019 3289 1042 3343 ri
1069 3287 1155 3343 modo
1176 3285 1377 3345 rescribendum
1399 3283 1524 3342 credide-

532 3368 721 3440 2Numquam
737 3359 872 3441 quedfieri
887 3382 935 3418 teon
948 3373 991 3437 po·
1019 3366 1072 3419 rim
1094 3362 1177 3421 Tulc.
1194 3362 1241 3419 lib.
1265 3366 1288 3420 l.
1313 3382 1374 3439 cap.
1392 3378 1441 3435 27.
1476 3368 1524 3418 Se·
1557 3415 1568 3420 a

493 3438 575 3493 tuerit
595 3442 664 3511 &nl
691 3439 898 3500 Albutiussilus
918 3439 991 3515 apud
1012 3443 1107 3521 juncia
1127 3439 1163 3497 ab
1186 3438 1225 3496 his
1245 3459 1386 3498 vistrarra
1405 3440 1523 3515 notisque

416 3520 418 3524 ’
494 3523 616 3573 Senecam
631 3518 763 3574 Controv.
780 3520 801 3582 I,
827 3536 853 3593 3.
890 3525 945 3574 Hoc
960 3535 991 3571 te·
1019 3520 1136 3583 naturis:
1160 3536 1217 3575 non
1238 3514 1350 3589 :fitutia
1375 3528 1407 3575 ut
1427 3516 1523 3594 vulgo.

495 3614 561 3651 num
569 3598 628 3669 seio,
643 3615 688 3652 nec
699 3593 761 3669 fieri
785 3595 835 3652 uod
848 3615 895 3651 non
906 3593 992 3669 potest,
1019 3596 1099 3653 Idem.

497 3690 543 3727 nec
568 3675 716 3748 portentum
739 3617 783 3749 τίῆ
814 3673 883 3749 quod
907 3670 991 3744 potest.
1055 3669 1160 3745 4Mst
1172 3673 1274 3746 evenit]
1295 3669 1433 3729 SicPeris.
1445 3668 1522 3727 Med.

498 3750 570 3806 Vide
584 3751 616 3807 sas
628 3749 698 3807 infra
710 3768 769 3825 cap·
783 3767 881 3806 xxv111.
911 3750 998 3809 Idem„
1021 3753 1092 3828 Reg.
1109 3754 1135 3808 ὃ(
1150 3747 1249 3806 Balliol.
1270 3768 1326 3807 non
1347 3750 1473 3811 evenerit,
1489 3759 1522 3805 ut

537 3845 551 3899 3
572 3831 600 3882 Si
611 3830 637 3882 ie
659 3826 734 3885 rebus
749 3827 849 3884 ufitatis
864 3825 918 3901 est]
944 3830 993 3882 Le·
1021 3827 1112 3905 vulgo.
1150 3827 1230 3884 Idem.

518 3903 619 3959 endum
635 3920 703 3978 puto
723 3902 846 3979 vestratis,
874 3903 927 3959 hoc
941 3903 996 3965 est,
1058 3911 1172 3978 5Tages
1193 3902 1303 3981 quidm
1322 3900 1434 3975 dicitur]
1456 3900 1523 3957 ovi·

497 3920 651 4067 {equenter
664 3982 738 4037 vilis:
755 3998 818 4037 nam
835 3983 923 4037 [latim
933 3979 991 4037 sula
1021 3982 1076 4036 dius
1095 3984 1208 4037 Metam.
1222 3979 1268 4037 lib.
1285 3998 1329 4042 xv,
1350 3998 1419 4054 553.

491 4058 562 4133 preit·
583 4056 680 4118 noster,
707 4058 775 4135 quod
795 4057 880 4115 crebro
899 4076 993 4118 vinna,
1056 4060 1140 4115 Haud
1149 4055 1229 4114 aliter
1238 4056 1350 4130 stupuit,
1368 4069 1521 4137 quamam»

493 4152 542 4191 nen
567 4137 701 4203 miratur:
719 4166 752 4183 -
768 4135 839 4211 quod
864 4148 929 4194 ente
947 4154 1003 4193 nen>
1092 4133 1236 4227 Tprrbttrm
1252 4147 1347 4194 araret
1462 4209 1501 4265 h
