3784 5084
670 570 707 655 P
733 566 773 654 R
799 564 874 654 ΑΕ
901 567 936 651 F
963 563 1004 650 A
1031 565 1071 653 T
1100 569 1120 653 I
1148 553 1200 656 Ο.

453 727 545 812 Cum
564 723 734 808 volumen
748 739 868 832 paene
885 738 1004 805 tatum
1017 723 1111 833 fuit
1127 720 1224 831 typis
1241 724 1427 831 excusum,

394 841 795 923 CANTABR101AM
829 833 1006 942 perlatae
1031 834 1129 946 sunt
1169 826 1429 919 THOMAE

398 945 1023 1033 WOPKENSHTULMANAE
1040 945 1247 1042 Lemurem
1286 945 1329 1026 in
1343 947 1429 1057 qui-

397 1060 467 1141 bus
490 1086 574 1139 cum
599 1055 701 1151 haec,
742 1068 822 1134 tum
850 1051 931 1135 alia
961 1053 1140 1164 quaedam
1165 1057 1427 1141 C1cER0N1s

399 1183 512 1277 opera
520 1163 766 1276 philosophica
781 1190 1054 1273 nonnumquam
1072 1163 1291 1275 conjeeturis
1308 1195 1430 1247 emen-

402 1278 485 1377 dat,
506 1276 724 1388 plerumque
746 1271 925 1383 adversus
950 1271 1121 1374 Critieas,
1149 1293 1194 1357 ut
1211 1276 1432 1376 arridetur,

404 1389 718 1496 uafflhegflofireae
759 1399 943 1493 receptam
979 1401 1204 1495 propugnat.
1236 1387 1435 1470 letle‘onem.
1493 1461 1496 1472 .

406 1502 543 1582 Verum
569 1494 659 1578 lieet
685 1525 711 1577 a
739 1519 795 1574 me
822 1522 892 1575 nou
919 1523 1011 1575 raro
1036 1495 1205 1605 diversus
1231 1496 1342 1579 abeat
1348 1535 1360 1592 5
1388 1526 1435 1577 ne

405 1627 534 1691 tamen
561 1607 639 1714 ejus
665 1602 998 1713 animadverfiaues
1036 1604 1078 1684 in
1104 1606 1202 1731 nepae
1227 1606 1340 1698 libros
1366 1634 1434 1688 ex·

404 1735 583 1815 auterem,
610 1718 722 1826 causa
733 1715 821 1823 jam
842 1714 945 1796 dieta
961 1714 1216 1826 praepedrvit.
1271 1716 1435 1799 Interim

301 1929 304 1934 ⁴
407 1828 569 1911 aliorum
584 1824 787 1940 distensum,
806 1821 865 1905 ita
885 1854 941 1907 me
960 1828 1066 1909 Deus
1083 1844 1196 1927 amet,
1208 1827 1312 1909 haud
1326 1826 1434 1908 male-

393 1939 456 2052 ste
469 1938 562 2049 fera
574 1974 586 2031 3
626 1964 692 2017 nec
716 1933 903 2043 indignor,
930 1935 1120 2046 nistfarte
1129 1937 1435 2049 superbasffin-

390 2046 584 2134 'humanos
606 2074 721 2127 mares
745 2038 885 2153 prodat
910 2045 1090 2128 orationis
1117 2048 1309 2160 asperitas.
1364 2046 1441 2129 Sed

410 2159 453 2239 in
476 2159 547 2241 hac
564 2172 682 2267 parte
705 2183 775 2236 nnn
798 2155 846 2279 est
868 2185 939 2237 cur
961 2157 1008 2238 de
1028 2156 1115 2237 vira
1136 2159 1324 2268 dattiffima
1350 2186 1436 2268 que·

410 2296 566 2350 ramur:
591 2295 679 2348 nam
701 2263 829 2346 nimias
841 2267 935 2377 fere
955 2266 1127 2349 laudibus
1152 2300 1217 2368 eas,
1245 2298 1329 2378 quas
1351 2296 1440 2348 cene

399 2382 465 2488 set
484 2377 712 2489 refutandas,
736 2375 888 2486 iefignit
903 2393 1022 2487 atque
1036 2378 1247 2505 cohonestat.
1301 2379 1409 2464 vate.

525 2875 792 2983 cantabrigiae
819 2880 942 2990 pridie
971 2883 1204 2990 Kal.¹Mart.

635 2988 934 3079 MDCCXXX.
