3784 5084
400 543 458 658 μ’

671 562 747 639 Da
774 548 1273 641 DIVINATIONE

464 710 713 790 RhodIorum
736 701 839 787 elassi
864 710 1127 812 propinquum
1147 711 1314 788 reditum
1339 730 1382 787 ae
1401 709 1494 791 ‘doss

466 847 579 901 mum
610 826 774 900 itionem
787 821 890 899 dari:
931 838 1017 897 tum
1053 844 1179 922 neque
1195 840 1233 899 te
1255 822 1379 923 ipsum
1404 846 1492 903 non

465 935 536 1013 effe
573 953 847 1020 commotum3
901 932 1156 1033 Marcumque
1189 934 1407 1013 Varronem
1449 940 1491 1015 δε

464 1048 524 1125 Μ.
550 1048 759 1135 Catonem,
779 1046 847 1146 qui
871 1061 956 1121 tuna
978 1044 1033 1120 ibi
1055 1063 1174 1135 erant,
1201 1045 1337 1123 dodos
1360 1046 1490 1123 homi·

462 1182 544 1248 nes,
585 1158 832 1263 vehementer
863 1152 933 1233 effe
960 1157 1199 1259 perterritos:
1241 1157 1367 1258 paucis
1400 1158 1492 1234 sane

463 1269 545 1369 post
567 1269 699 1345 diebus
732 1277 746 1309 ²
767 1292 810 1346 ex
842 1265 1049 1344 Pharsalica
1074 1265 1163 1369 fuga
1187 1266 1325 1345 veniffe
1353 1264 1489 1344 Labie-

463 1402 588 1457 num:
629 1383 696 1480 qui
729 1403 820 1457 eum
847 1378 1047 1454 interitum
1074 1380 1257 1456 exercitus
1281 1377 1490 1458 nuntiavis-

463 1486 532 1571 set.
570 1495 713 1591 reliqua
744 1490 1024 1569 vaticinationis
1059 1490 1161 1565 brevi
1196 1490 1268 1566 esse
1299 1489 1487 1567 confesta.
1537 1483 1539 1489 ’

463 1601 570 1678 Nam
596 1607 633 1680 ὅ(
661 1627 705 1677 ex
738 1600 883 1678 horreis
922 1602 1118 1701 direptum
1147 1599 1388 1701 effusumque
1413 1598 1489 1677 fru-

457 1732 642 1802 mentum
668 1716 743 1790 vias
763 1714 892 1789 omnis
921 1712 1250 1812 ‘angiportusque
1279 1712 1490 1809 constraue-

462 1844 541 1913 ταῖς
584 1829 622 1901 de
654 1848 765 1901 naves
795 1823 920 1899 subito
954 1825 1142 1923 perterriti
1175 1843 1285 1900 metu
1308 1822 1492 1901 conscen-

431 2010 433 2014 ,
463 1936 590 2020 distis;
633 1939 671 2011 δε
708 1936 827 2012 nodiu
855 1933 900 2012 ad
927 1934 1115 2035 oppidum
1144 1933 1397 2036 respicientes,
1425 1934 1490 2012 fla·

463 2046 605 2146 grantis
627 2048 829 2135 onerarias,
859 2068 950 2143 quas
974 2044 1223 2122 incenderant
1246 2048 1388 2123 milites
1400 2047 1492 2145 quia

463 2159 568 2257 sequi
590 2158 809 2246 noluerant,
838 2157 1044 2263 videbatia:
1072 2155 1266 2257 postremo
1291 2180 1311 2233 a
1337 2156 1493 2235 Rhodia

460 2271 569 2350 clade
589 2266 739 2359 deserti,
768 2291 903 2345 verum
926 2287 1055 2345 vatem
1084 2266 1191 2345 fuiffe
1214 2262 1378 2347 sensistis.
1419 2269 1491 2344 Ex·
1547 2280 1548 2283 '

462 2381 585 2482 posui,
612 2402 729 2479 quam
764 2372 981 2457 breviffime
1006 2382 1128 2478 potui,
1158 2379 1359 2458 somnii&
1382 2382 1493 2457 iuro·

445 2494 512 2570 tis
537 2493 703 2588 oracula,
728 2514 824 2592 quae
850 2514 974 2568 carere
990 2490 1158 2569 dixeram
1179 2511 1267 2567 arte.
1306 2495 1491 2596 thum

463 2605 670 2681 amborum
702 2626 888 2704 generum
922 2624 998 2678 una
1022 2604 1120 2677 ratio
1152 2602 1214 2683 est,
1242 2624 1318 2702 qua
1340 2604 1493 2704 CratIp·

463 2736 533 2813 pus
555 2713 680 2792 noster
698 2717 755 2789 uti
779 2712 899 2800 solet3
929 2716 1080 2789 animos
1105 2711 1315 2790 hominum
1326 2716 1493 2815 quadam

462 2848 509 2903 cx
534 2841 636 2923 parte
652 2822 880 2899 extrinsecus
901 2819 974 2901 eise
996 2825 1133 2902 tradios
1162 2829 1201 2903 ὅ(
1240 2824 1400 2903 haustos.
1430 2826 1495 2901 Ex.

462 2959 543 3032 quo
568 2936 816 3033 intellegitur,
857 2934 927 3012 ess'e
958 2953 1062 3011 extra
1094 2936 1271 3013 divmum
1294 2939 1488 3027 animum,
1513 2943 1520 2956 ‘

462 3044 653 3124 humanus
675 3044 776 3144 unde
802 3044 981 3123 dueatur:
1020 3044 1183 3124 humani
1214 3066 1343 3124 autem
1369 3047 1493 3127 animi

464 3172 549 3242 ‘eam
569 3178 729 3259 partem,
756 3180 854 3260 quae
879 3154 1045 3251 sensum,
1073 3182 1171 3262 quae
1198 3180 1368 3253 motum,
1390 3181 1491 3261 quae

1383 3294 1495 3375 appe·

499 3453 511 3490 ι
533 3440 648 3491 Domum
663 3435 788 3505 itionem]
813 3437 959 3492 Domuitio·
986 3452 1062 3493 mum
1079 3435 1254 3511 repetitionem
1268 3431 1387 3494 haime.
1412 3436 1494 3493 Non·

460 3530 519 3574 mm
534 3510 611 3569 habet
625 3513 749 3590 antiquus
764 3511 831 3569 liber
844 3531 962 3588 compo·
988 3512 1054 3570 nulii
1071 3511 1132 3570 libri
1140 3512 1332 3576 domuitionem,
1341 3512 1415 3591 quod
1434 3529 1495 3570 ver-

460 3590 511 3651 tito
533 3589 676 3649 vocabulo,
693 3593 721 3647 δι
736 3590 773 3645 ita
787 3589 854 3667 legit
871 3598 962 3666 Appu·
990 3588 1057 3651 bum
1068 3588 1301 3666 'agnoscitNonius
1315 3607 1374 3666 cap.
1392 3609 1435 3648 ιι.
1451 3589 1496 3644 De

460 3667 539 3723 Itius:
567 3671 595 3726 &
612 3669 640 3725 in
652 3666 698 3724 lib.
715 3667 810 3729 Iliad
830 3664 966 3724 Herenni·
991 3666 1194 3726 construuione
1216 3667 1306 3728 videas
1324 3666 1388 3725 licet
1409 3673 1444 3724 G.
1456 3664 1495 3745 J*

460 3762 510 3799 um
536 3764 560 3801 c.
589 3762 635 3804 αι.
663 3744 738 3823 Jam
760 3743 963 3805 domuitionem
993 3746 1096 3818 Vaffium
1105 3744 1180 3803 Anat.
1193 3742 1240 3801 lib.
1254 3746 1307 3804 111.
1321 3762 1381 3821 cap.
1397 3764 1425 3820 9.
1441 3740 1497 3799 Adi

461 3838 534 3892 reges
550 3826 604 3880 dcc·
641 3818 756 3897 Urſsnus.
994 3823 1027 3880 fir
1050 3825 1077 3881 &
1099 3819 1147 3880 Tb.
1161 3826 1337 3881 Mancharum
1353 3821 1387 3881 ad
1401 3819 1497 3901 Hygini

500 3922 570 3978 Ibid.
583 3930 700 3978 Domum
715 3920 841 3993 itionem]
868 3920 964 3996 Caefhr
995 3897 1060 3958 Μ’·
1075 3918 1159 3958 cxxv·
1196 3902 1311 3958 ΜΨ·

457 3996 628 4130 pib.1.B.G.
647 4017 704 4073 cap.
720 4016 749 4071 4.
768 4005 886 4054 Domum
899 3998 965 4055 redi·
1035 4018 1051 4056 2
1077 4009 1118 4057 Ex
1140 3998 1286 4057 Pharsalica
1297 3996 1391 4077 fuga]
1415 3997 1499 4058 Paris.

471 4080 531 4132 imis
548 4077 593 4149 spe
608 4075 731 4151 sublata.
769 4078 886 4154 Hyginus
904 4076 965 4133 Fab.
997 4084 1040 4134 Ex
1055 4075 1288 4157 Phatsyiliafirga.
1309 4078 1421 4152 SctIpstt
1435 4077 1499 4135 Tul·

459 4153 524 4232 318,
553 4150 601 4220 Udi
610 4151 662 4229 βόε·
680 4152 786 4221 diceret,
801 4153 905 4240 quando
919 4154 964 4213 do·
985 4154 1059 4231 ¹iius,
1080 4155 1130 4219 nist
1151 4150 1236 4219 furor,
1257 4174 1291 4218 ert
1304 4153 1434 4219 Pharsalia
1449 4152 1501 4231 su·
