3784 5084
525 497 603 597 3'06
651 503 926 585 Haoaratrr
953 502 1195 580 tuentur
1225 501 1543 591 Commentarius

562 655 602 709 Vos
617 656 734 731 ratioque
745 653 967 729 enuntiationum]
991 658 1051 728 Qua
1063 652 1097 709 de
1110 670 1139 709 te
1153 668 1248 727 parum
1269 651 1341 708 inter
1355 652 1541 731 Chrysippum

524 733 553 790 dt
569 727 726 788 Diodorum
739 731 922 794 conveniebat,
941 728 1174 864 ‹p'uemadmcdum
1185 734 1273 785 Cicero
1287 728 1379 788 scribit
1393 732 1424 787 in
1440 734 1543 809 Episto-

527 806 677 885 laquadam
692 807 725 864 ad
740 811 890 863 Varronem
915 806 948 883 [li
969 850 976 865 .
998 809 1046 865 IX.
1067 808 1141 863 Fam.
1156 805 1239 875 Epist.
1261 805 1332 885 lta]
1356 804 1417 883 nugi
1436 800 1546 865 'mario'

423 908 429 919 ·
528 888 642 959 mosetto
657 876 727 953 coeio
743 878 860 957 uiibppo
874 886 978 952 ιμίεικ
1002 894 1155 963 quapropter
1170 880 1200 959 st
1218 896 1348 941 venturus
1370 904 1406 946 es,
1425 884 1488 969 (erto
1502 908 1544 946 ne·

530 963 588 1041 ceffe
603 962 645 1039 effe
659 978 685 1020 ee
707 965 811 1019 veniret
834 960 876 1038 son
897 979 991 1020 autem
1014 981 1112 1021 nones,
1132 961 1177 1014 otio
1199 950 1327 1015 &bodone
1345 961 1378 1037 est
1397 976 1425 1019 te
1444 966 1544 1025 nenne.

529 1045 609 1096 Nunc
625 1040 693 1099 vide.
717 1052 782 1094 uttu
803 1053 831 1096 te
851 1033 932 1106 neiat
951 1041 1036 1113 mugio
1054 1036 1167 1099 hienae.
1189 1034 1344 1106 xpoounein
1357 1059 1399 1101 ue,
1422 1059 1462 1098 uu
1482 1040 1546 1101 haee

532 1133 614 1193 quant
629 1115 706 1189 noster
721 1116 842 1174 Diodotus
857 1138 905 1175 non
920 1115 1097 1192 concoquebut.
1135 1117 1186 1171 Sed
1199 1117 1230 1172 de
1241 1112 1281 1173 hio
1297 1120 1378 1174 erinon
1390 1115 1479 1183 rebus,
1496 1123 1544 1178 ocu

530 1193 566 1269 oſs
580 1212 640 1250 cum
663 1195 768 1255 erimus,
792 1193 937 1270 loquemur.
975 1202 1030 1249 Hoc
1044 1194 1125 1249 etium
1141 1186 1211 1259 coeio
1232 1193 1370 1263 Χρύσιππον
1386 1186 1488 1251 daune
1502 1198 1542 1273 este

533 1276 623 1330 Locus
636 1284 728 1327 autem
742 1270 930 1351 intelligendus
944 1272 982 1329 esi
997 1271 1031 1327 de
1048 1271 1080 1327 iis
1102 1272 1344 1333 enuntiationibun
1363 1290 1434 1351 quae
1452 1273 1488 1332 de
1503 1278 1544 1334 tua

531 1363 596 1406 turo
610 1346 718 1424 aliquid,
741 1349 819 1424 cujus
838 1347 993 1407 necessarius
1010 1359 1121 1405 eventus
1140 1347 1191 1404 else
1212 1367 1267 1405 non
1291 1349 1407 1414 ridetur,
1424 1369 1545 1427 pronun·

533 1426 614 1489 ciant,
633 1440 663 1481 ur
676 1424 784 1486 Sedebit,
802 1446 849 1483 non
860 1426 972 1502 sedebis:
993 1425 1060 1485 &in
1077 1428 1205 1499 proximo
1217 1428 1352 1502 exemplo,
1375 1430 1457 1485 Deiis
1472 1427 1546 1487 tebui

534 1501 685 1580 loquemur.-
708 1503 784 1564 ut‚s1
817 1505 858 1562 uis
880 1504 972 1562 locum
994 1503 1106 1579 propius
1126 1500 1277 1577 perspiciat,
1298 1505 1320 1561 is
1337 1504 1428 1561 statim
1450 1504 1547 1566 nihile

533 1582 666 1637 Cicerone
682 1524 856 1639 commilitum
872 1580 1012 1660 intelligat.
1049 1579 1092 1635 De
1105 1579 1136 1635 iis
1153 1598 1243 1637 aurem
1259 1582 1444 1660 pronunciatis
1457 1582 1494 1640 iic
1504 1585 1556 1657 juo.

534 1656 638 1715 dicabat
654 1658 800 1724 Diodorus,
825 1673 856 1717 ut
871 1659 899 1716 id
916 1658 1002 1716 solum
1021 1656 1079 1713 sieri
1096 1656 1168 1732 polit
1187 1657 1299 1719 diceret,
1321 1658 1395 1737 quod
1415 1672 1463 1717 aut
1485 1660 1547 1720 effer

533 1746 639 1801 vnum,
660 1750 706 1793 aut
719 1734 842 1794 futurum
863 1736 926 1793 effer
948 1752 1052 1795 rerum,
1074 1747 1114 1799 ut,
1134 1734 1261 1811 quicquid
1281 1733 1407 1793 futurum
1429 1734 1502 1798 esset.
1519 1738 1546 1797 id

535 1812 593 1869 sieri
609 1807 709 1870 occelli
724 1811 798 1869 effer:
818 1811 946 1890 quicquid
963 1810 1086 1885 fututum
1100 1829 1156 1870 non
1170 1811 1242 1873 esset.
1258 1812 1285 1869 id
1300 1811 1357 1870 fieri
1372 1831 1430 1870 non
1448 1815 1547 1890 possete

536 1889 703 1966 Chryfippus
717 1905 806 1945 autem
821 1887 855 1946 ab
868 1908 902 1947 eo
916 1888 1078 1955 dissentiens,
1104 1904 1171 1967 quae
1185 1905 1242 1946 non
1260 1888 1343 1948 client
1355 1890 1457 1961 furum,
1476 1886 1548 1970 polii

534 1979 625 2027 nmen
639 1965 696 2024 fieri
708 1966 823 2025 dicebat.
922 2000 924 2002 -
1311 1978 1314 1985 '

549 2038 747 2122 ‘'agodm]
771 2040 942 2101 Vocabulum
962 2044 1095 2101 Stoicum.
1134 2042 1287 2101 Stoicorum
1315 2044 1391 2103 enim
1410 2044 1549 2107 dialeiiiea

534 2122 659 2182 Ciceronis
673 2136 757 2179 aetate
771 2119 893 2178 florebat.
928 2118 1074 2196 Arissoteleo
1093 2118 1234 2191 impuno
1249 2122 1371 2198 appellat.

546 2214 550 2224 ’
573 2197 676 2282 'Quom
688 2202 746 2255 vion
761 2194 894 2275 habeant]
913 2200 1052 2272 Utrumne
1069 2197 1142 2278 quod
1161 2198 1283 2257 futurum
1303 2197 1400 2259 dicunt
1414 2200 1447 2259 sit
1461 2198 1552 2259 neces²

537 2272 647 2411 gimpa,
662 2289 694 2335 ut
710 2276 767 2335 vult
781 2274 934 2334 Diodotus:
951 2295 984 2333 an
999 2276 1057 2335 fieri
1075 2274 1155 2362 potiit
1168 2289 1198 2333 ut
1215 2294 1272 2334 non
1284 2278 1446 2344 coematur
1462 2276 1552 2338 censa

582 2373 595 2409 r
625 2376 633 2411 ι
673 2374 712 2411 us.

575 2371 690 2511 Tingim
710 2432 747 2489 est
762 2423 859 2505 nennio]
877 2429 909 2486 ld
923 2430 970 2496 est,
986 2442 1044 2487 tota
1058 2429 1130 2504 istinc
1143 2450 1193 2507 oropo
1213 2420 1319 2485 bondo
1344 2444 1346 2448 ‘
1366 2419 1491 2491 aetionis
1504 2434 1554 2493 ἐκ·

559 2506 650 2567 litatio
663 2508 798 2567 dialectica
816 2506 945 2586 quaedam
968 2508 1014 2564 est.
1050 2509 1139 2564 Locus
1158 2508 1240 2566 etiam
1257 2508 1304 2566 iste
1324 2525 1339 2564 a
1374 2508 1555 2586 miserescite

539 2527 612 2643 iibro
626 2588 661 2643 de
674 2586 898 2661 interpretatione
910 2585 1050 2643 tradiatut.
1083 2583 1193 2642 Idcirco
1206 2600 1297 2644 autem
1311 2585 1387 2643 istam
1408 2581 1462 2662 urei
1479 2579 1555 2643 iuvo-

538 2665 589 2717 oto
605 2663 812 2721 controuerliam
826 2661 944 2732 adhibet,
971 2657 1032 2740 quia
1045 2661 1078 2718 ad
1093 2659 1141 2736 sati
1161 2662 1396 2721 confirmationem
1410 2662 1555 2742 sumptum

543 2742 699 2798 stoicorum
719 2754 784 2801 erat,
808 2743 930 2796 Omnem
959 2738 1176 2798 enunciationem
1202 2757 1293 2798 veram
1311 2738 1354 2797 vel
1375 2738 1467 2799 falsam
1489 2741 1556 2802 effic

541 2818 614 2895 quod
634 2818 662 2873 in
678 2814 771 2875 futuro
784 2834 840 2873 non
854 2818 890 2874 lta
906 2814 1042 2874 enucleate
1055 2814 1224 2895 dilucideque
1237 2819 1367 2894 cernitur.
1513 2813 1515 2817 ⁸

579 2894 669 2977 Qld
681 2894 787 2968 eutem]
802 2890 958 2969 Disputatio
971 2892 1017 2949 illa
1034 2893 1194 2951 Academica
1207 2895 1244 2951 est
1265 2909 1360 2970 contra
1374 2894 1557 2972 propositum,

544 2973 667 3031 instituto
688 2973 825 3031 accedite,
848 2969 928 3029 utin
949 2967 1106 3028 Tusculanis
1126 2969 1360 3047 disputationibus.
1396 2964 1556 3032 Academici

545 3055 634 3109 autem
653 3057 867 3111 tentamentum
884 3042 981 3103 Stoicis
995 3046 1162 3123 potissumum
1181 3046 1356 3125 susceperant}
1375 3049 1496 3127 quorum
1516 3050 1557 3110 illa

544 3131 701 3203 tempestate
722 3121 892 3203 philosophia
916 3123 1125 3200 percrebruerat.
1171 3129 1233 3184 Hoc
1252 3125 1321 3184 libro
1339 3126 1439 3183 Cicero
1461 3131 1556 3186 contm

544 3215 590 3261 eos
608 3203 717 3263 diss'erit.
740 3210 766 3262 bt
787 3202 966 3264 firmamenta,
993 3200 1089 3280 quibus
1115 3201 1199 3279 sutum
1223 3203 1274 3261 effe
1294 3199 1418 3280 probant,
1448 3206 1558 3263 euertito

546 3283 607 3339 Nec
621 3294 685 3339 vero
699 3281 757 3355 ejus
769 3281 797 3337 in
818 3297 879 3337 eam
896 3292 999 3356 partem
1019 3279 1172 3370 accipienda
1194 3282 1393 3358 argumentatio
1414 3280 1464 3344 est,
1484 3282 1559 3361 quali

544 3362 631 3416 satum
645 3375 700 3415 non
715 3356 766 3415 elie
787 3356 915 3428 affirmet,
938 3355 1026 3435 (quod
1042 3355 1162 3435 quedem
1175 3356 1257 3436 longe
1275 3356 1309 3415 ab
1327 3356 1557 3419 Academicorum

544 3433 712 3494 dubitatione
725 3433 807 3508 abeli)
824 3451 918 3491 verum
932 3445 966 3489 eu
981 3434 1020 3497 lis,
1055 3451 1103 3489 uae
1127 3436 1210 3491 Stoici
1226 3435 1364 3506 adferunt„
1374 3434 1408 3492 ad
1420 3434 1560 3513 liquidum

546 3524 602 3592 nnn
616 3512 729 3588 probari.
768 3512 850 3590 Quod
866 3511 958 3643 sapuit
977 3510 1018 3567 illi
1034 3454 1155 3568 iiermoni
1176 3512 1334 3571 interfuisset
1355 3513 1461 3571 Stoicae
1476 3514 1559 3573 utio-

483 3592 487 3600 ’
546 3592 588 3648 trie
601 3592 702 3667 peritus
717 3593 744 3649 δι
757 3588 885 3649 aemulus,
923 3586 1112 3662 isputationem
1128 3588 1285 3651 instituiffet‚
1308 3602 1339 3647 at
1353 3586 1422 3647 fecit
1441 3589 1470 3647 in
1483 3587 1562 3649 librir

546 3666 686 3725 denatura
699 3668 823 3727 deorum,
839 3670 866 3725 8<
880 3665 1105 3724 deDivinatione:
1122 3665 1150 3722 in
1166 3668 1262 3744 quibus
1275 3669 1403 3743 perpetua
1423 3665 1452 3724 in
1464 3677 1560 3726 uttan·

545 3764 598 3822 que
611 3761 714 3819 partem
732 3744 879 3820 explicatur
893 3743 991 3799 oratio.
1029 3742 1134 3799 Hirtius
1147 3759 1247 3805 autem,
1267 3745 1313 3822 qui
1328 3743 1511 3821 quaestionem
1522 3742 1562 3803 'ad

546 3833 627 3898 quam
642 3823 745 3879 audiret
756 3822 886 3897 posuerat,
905 3820 1079 3876 institutionis
1093 3820 1190 3896 alioqui
1210 3822 1316 3878 Stoicae
1332 3838 1389 3878 non
1407 3818 1559 3885 admodum

546 3898 652 3955 iortalie
665 3918 771 3976 gnarus,
785 3914 830 3955 aut
845 3911 918 3954 certe
932 3915 988 3953 non
1001 3895 1128 3957 aemulus,
1145 3918 1178 3962 ex
1196 3898 1266 3955 ittali
1278 3896 1438 3960 calamitate.
1453 3914 1485 3957 ut
1499 3962 1501 3966 ,
1537 3900 1561 3956 i·

547 3981 607 4037 nor,
622 3974 727 4045 reipub.
740 3972 879 4033 Romanae
892 3976 921 4029 in
935 3989 998 4029 eum
1017 3972 1169 4030 sermonem
1188 3974 1388 4039 deveneranut
1401 3973 1507 4034 atteret

548 4052 692 4129 rogeri&
707 4055 813 4111 euenire
830 4050 1031 4129 propemodum
1052 4052 1145 4110 omnia
1160 4050 1208 4110 ubi
1223 4051 1318 4118 rideri,
1337 4056 1366 4113 dc
1379 4052 1416 4111 do
1429 4050 1487 4189 ferg
1498 4045 1566 4131 quid

988 4141 992 4149 ’
1488 4132 1565 4189 um
