3784 5084
400 560 483 663 {aab
803 554 1186 641 DaFATO'

463 716 527 802 vel
561 712 711 793 dicere:
754 740 826 797 nec
851 719 956 794 enim
985 711 1025 810 (¹
1047 716 1088 791 id
1116 715 1224 814 quod
1251 714 1351 795 redo
1380 716 1496 796 exibi·

397 860 407 926 p
467 834 575 931 mas)
606 827 772 915 oratoria
795 829 860 904 illa
879 826 998 910 studia
1028 825 1187 917 deserui,
1215 828 1352 925 quibus
1380 832 1495 914 etiam

473 940 548 1015 ²tc
575 938 742 1029 incendi,
778 961 1015 1038 quamquam
1046 930 1407 1039 flagrantiffimum,
1438 964 1506 1020 ac·.

467 1070 665 1152 ceperam
709 1073 781 1127 nec
805 1074 859 1131 ca,
886 1072 985 1149 quae
1013 1071 1117 1125 nunc
1139 1048 1273 1140 trade,
1302 1052 1500 1133 minuunt.

474 1172 490 1223 ὅ
509 1161 572 1244 sed
585 1179 723 1261 augent
745 1161 872 1262 potius
884 1162 993 1237 illam
1013 1158 1256 1238 facultatem:
1286 1185 1377 1237 nam
1406 1155 1495 1239 cum

469 1269 547 1357 hoc
568 1294 708 1371 genere
729 1271 1005 1373 philosophiae,
1035 1270 1141 1369 quod
1175 1294 1247 1347 nos
1279 1270 1496 1376 sequimur,

471 1404 654 1483 magnam
676 1383 789 1459 habet
812 1403 941 1459 orator
966 1380 1207 1461 societatem:
1248 1381 1499 1461 subtilitatem

469 1497 576 1582 enim
598 1495 645 1568 ab
656 1493 870 1570 Academia
890 1513 1096 1575 mutuatur.
1116 1496 1151 1571 &
1179 1494 1214 1569 ei
1232 1487 1396 1575 viciffim
1418 1495 1514 1575 red-v

469 1605 528 1689 dit
553 1606 764 1681 ubertatem
797 1608 984 1682 orationis
1013 1608 1050 1680 ὅ(
1077 1624 1305 1683 ornamenta
1331 1606 1499 1684 dicendi.

473 1712 753 1813 Quamobrem,
783 1718 956 1814 inquam,
997 1717 1182 1813 quoniam
1213 1715 1407 1815 utriusque
1429 1716 1499 1793 stu·

470 1828 526 1903 dii
557 1824 680 1903 nostra
708 1820 885 1929 poffeffio
908 1824 979 1911 ests
1009 1825 1139 1918 hodie,
1168 1844 1255 1902 utro
1282 1823 1357 1903 frui
1381 1830 1504 1909 malis.

473 1941 586 2037 optio
616 1932 658 2010 sit
684 1955 761 2013 tua.
825 1940 931 2013 Tum
958 1937 1111 2017 Hirtius.
1138 1930 1418 2028 Gratiffimum,
1448 1941 1505 2015 in·

474 2049 572 2145 quit.
610 2049 836 2122 &tuorum
861 2048 1044 2122 omnium
1077 2043 1221 2124 simile:
1263 2048 1362 2127 nihil
1395 2051 1502 2130 enim

473 2178 658 2255 umquam
685 2160 817 2242 abnuit
845 2181 935 2233 mco
959 2155 1081 2236 studio
1104 2158 1280 2239 voluntas
1302 2181 1386 2238 tua.
1427 2159 1503 2239 Sed

362 2350 372 2359 ,
473 2271 697 2375 quostiam*
716 2268 904 2371 rhetorica
925 2267 1023 2361 mihi
1048 2268 1163 2352 velita
1186 2268 1237 2346 sat
1263 2290 1371 2361 tauta,
1387 2291 1504 2369 teque

1464 2407 1475 2456 ι

516 2509 528 2563 r
547 2489 578 2564 ld
594 2487 663 2567 quod
676 2488 741 2542 retae
759 2486 901 2561 existimas]
920 2488 979 2543 Pri·
1010 2486 1081 2561 potis
1095 2485 1243 2551 editiones3
1262 2479 1292 2542 in
1310 2406 1507 2544 Rhetoricis?

477 2566 524 2624 ma
541 2586 597 2625 vox
622 2565 724 2621 MSStis
748 2563 843 2620 Ellenl‘.
865 2570 892 2623 dc
909 2568 977 2641 Reg.
1011 2565 1068 2619 nim
1085 2566 1190 2620 Hirtius
1212 2566 1336 2621 Ciceronis
1357 2580 1414 2622 etat
1429 2563 1508 2622 disci·

479 2644 602 2701 debetur.
626 2646 696 2697 Veu.
720 2657 809 2712 autem
836 2659 918 2724 ¹47¹·
936 2640 981 2701 dat
1010 2639 1095 2715 pulus.
1136 2643 1218 2701 Idem.

476 2713 545 2777 illud
559 2720 628 2797 quod
640 2720 706 2773 rec‘le
722 2721 774 2773 διε.
810 2722 919 2774 Davies.
1047 2736 1065 2790 5
1079 2723 1176 2773 Contra
1196 2714 1394 2796 propolitum]
1409 2714 1513 2784 Balliol.

519 2816 534 2852 2
549 2805 582 2852 Te
595 2795 891 2869 incendi-acceperam]
913 2797 979 2850 For·
1010 2793 1089 2851 habet
1106 2792 1221 2869 pastum.
1260 2795 1386 2871 Omuino
1398 2793 1458 2870 lege
1467 2809 1512 2869 pay.

481 2874 529 2930 san
550 2889 576 2929 te
600 2872 979 2947 incendere—acceperam.
1004 2869 1097 2945 stum.
1134 2873 1177 2927 stc
1200 2869 1288 2945 paullo
1309 2872 1382 2946 post:
1418 2880 1513 2942 Postera

480 2952 571 3009 Idem.
951 2996 953 3000 .
1009 2948 1117 3025 aliquid,
1144 2948 1181 3003 ud
1202 2948 1269 3025 quod
1282 2950 1412 3015 audiam,
1440 2949 1510 3005 vola.

517 3048 531 3103 3
551 3026 602 3083 Sed
615 3040 713 3099 augent
738 3026 820 3100 patius
842 3021 918 3080 illam
931 3022 979 3101 sa·
1011 3028 1045 3081 Et
1061 3023 1143 3081 Tusc.
1169 3025 1214 3080 lib.
1233 3027 1255 3082 I.
1273 3043 1331 3100 cap.
1344 3044 1373 3099 4.
1418 3033 1514 3083 Ponere

483 3104 635 3176 cultatem]
665 3104 737 3159 Hinc
755 3110 795 3158 Μ.
813 3100 915 3158 Tullius
933 3121 981 3157 nan
1004 3099 1144 3182 jubebam,
1162 3102 1193 3157 da
1210 3120 1260 3181 qua
1273 3105 1332 3235 puis
1346 3103 1439 3159 audire
1455 3100 1513 3160 vel-

478 3198 588 3241 santum
609 3184 638 3256 se
662 3178 752 3236 debere
773 3177 865 3256 scholis
887 3176 981 3236 Rheso·
1012 3179 1057 3235 let.
1083 3168 1155 3237 Hiuc
1170 3178 1216 3235 lib.
1231 3182 1254 3236 Ι.
1293 3194 1392 3236 oorat.
1405 3198 1465 3257 cap.
1483 3181 1513 3237 6.

375 3320 377 3323 ,
480 3278 553 3318 rum,
568 3272 702 3334 quantum
711 3260 870 3314 Academiae
880 3259 983 3333 spatiis,
1012 3254 1230 3321 rescribendum,
1256 3270 1288 3313 ut
1316 3260 1385 3314 omni
1412 3258 1443 3314 de
1475 3275 1513 3318 re,

474 3338 629 3417 fsequenter
643 3336 690 3409 ipse
707 3332 814 3407 tesiams
829 3334 870 3409 est,
884 3350 916 3391 ut
931 3348 982 3391 tra·
1013 3351 1180 3412 quaecunque
1191 3330 1230 3408 fit
1298 3347 1342 3400 ita,
1368 3331 1404 3389 ab
1427 3354 1456 3392 eo
1470 3353 1516 3390 os-

479 3418 522 3475 dit
537 3410 739 3495 ,Quiniiiliauus
757 3413 821 3469 lust.
840 3414 918 3468 Orat.
935 3410 982 3467 lib.
1013 3424 1075 3468 nate
1089 3412 1226 3487 copioseque
1238 3412 1359 3489 bouem
1386 3412 1422 3469 fic
1437 3412 1515 3470 enim

479 3512 532 3554 xri.
555 3503 612 3564 cap.
630 3507 657 3545 2.
705 3489 776 3545 Vide
798 3487 830 3547 fis
845 3493 872 3547 δι
891 3481 983 3545 a'utlo-
1014 3489 1103 3544 MSSti
1118 3486 1318 3550 dquallicani,
1330 3506 1395 3546 cum
1408 3488 1516 3566 propos·

480 3589 540 3632 rem
566 3568 601 3626 de
621 3566 703 3624 caufis
721 3567 802 3624 Cora.
829 3565 904 3643 Eloq.
923 3582 983 3641 cap.
1015 3579 1045 3621 ra
1065 3565 1097 3621 fit
1116 3565 1145 3620 in
1163 3562 1286 3642 vulgatis.
1322 3565 1416 3623 Simile
1437 3585 1517 3625 meua

479 3643 572 3709 ar‘xxir.
610 3644 692 3700 Idem.
1015 3641 1082 3699 dum
1115 3644 1245 3699 Lublaurs'i
1269 3644 1386 3701 Codices
1408 3642 1518 3704 ridetur

520 3716 540 3798 4
558 3716 694 3779 Rhetorica
710 3716 774 3776 mibi
788 3716 891 3796 vestra]
918 3716 985 3773 Vul·
1015 3718 1134 3776 obsidere
1144 3742 1154 3785 ‚-
1179 3738 1241 3775 uam
1259 3717 1304 3777 lib.
1325 3740 1353 3778 v.
1372 3739 1433 3795 cap.
1447 3742 1518 3785 xirr.

482 3820 521 3877 go
539 3801 636 3871 uosira,
661 3798 758 3875 quibus
780 3797 883 3853 accedit
906 3797 986 3851 MSS·
1019 3816 1064 3852 20.
1085 3796 1158 3861 dant,
1184 3797 1350 3864 comedamus
1367 3797 1428 3874 pose
1443 3796 1516 3870 fieri,

481 3894 575 3934 torum
600 3895 658 3951 pars
675 3876 776 3949 major:
805 3892 867 3930 vera
891 3886 983 3930 tamen
1017 3873 1086 3951 quod
1102 3876 1234 3948 proponit
1256 3871 1426 3950 Philosophus.
1468 3880 1520 3934 Le·

482 3955 520 4012 est
534 3972 564 4010 ea
578 3952 667 4009 lectio,
681 3969 762 4028 quam
776 3951 876 4025 recepi,
893 3968 988 4027 quam·
1019 3950 1106 4039 gerim
1122 3953 1190 4024 ponit
1208 3947 1374 4027 Philosophus.
1410 3955 1453 4011 De
1469 3952 1521 4011 hu·

482 4050 535 4109 que
569 4030 699 4105 praestant
737 4026 834 4085 Eliens.
861 4031 889 4085 dc
921 4033 988 4081 Tur·
1017 4025 1093 4101 Jusce
1108 4027 1182 4083 verbi
1195 4028 1324 4103 potestate
1339 4028 1444 4089 consuli
1460 4028 1522 4106 pos-

481 4107 547 4200 npbi,
565 4105 694 4172 Lambini,
717 4122 768 4164 uec
785 4122 841 4162 non
857 4102 922 4164 Alibi
938 4122 985 4167 ne·
1020 4102 1081 4163 sunt
1094 4103 1178 4183 Jaan·
1197 4102 1339 4185 Scheffsrus
1354 4107 1390 4179 ad
1410 4105 1522 4243 Phaelppi
