3784 5084
945 332 955 425 i,

497 634 499 637 ⁴
686 517 1231 613 Ltuntt11‚52‚53.
1423 547 1509 641 229

416 672 617 776 “quando
648 671 754 749 oeuli
783 694 866 748 non
899 668 1009 770 fungi
1045 668 1115 746 suo
1147 683 1330 762 muneret
1370 682 1460 779 qui'

417 798 440 837 ‘¹
454 790 517 865 vel
541 785 660 862 semel
679 786 731 859 ita
756 782 807 859 est
831 778 917 859 usus
933 782 1068 872 oculis,
1081 799 1126 858 ut
1146 804 1233 860 vera
1255 803 1440 884 cerneret,

416 901 487 973 “is
521 896 636 973 habet
666 894 814 971 sensum
838 893 1046 969 oculorum
1070 916 1155 970 vera
1186 901 1437 980 cernentium.

415 1008 556 1084 “Item
578 1003 744 1109 igitur,st
766 1000 843 1082 fine
866 1003 1106 1081 divinatione
1128 1029 1211 1084 non
1237 1008 1357 1106 potest
1378 1009 1438 1087 of·

413 1117 587 1196 “ficium
601 1122 639 1196 &
651 1138 792 1193 munus
813 1116 1060 1191 divinationis
1079 1135 1218 1207 extare,
1237 1120 1356 1218 potest
1376 1143 1439 1198 au·

413 1238 537 1307 “teni
560 1253 651 1308 eum
672 1231 755 1329 quis
779 1228 1060 1303 divinationem
1085 1227 1234 1308 habeat,
1261 1252 1381 1308 errare
1402 1254 1437 1309 a-

412 1342 642 1441 “liquando
672 1363 745 1417 nee
766 1360 852 1415 vera
874 1361 1053 1423 cerneret
1091 1336 1177 1415 satis
1200 1337 1250 1415 est
1276 1342 1322 1417 ad
1344 1367 1436 1432 con-

412 1449 681 1529 “firmandam
714 1451 1008 1538 divinationem,
1047 1447 1166 1525 semel
1203 1452 1347 1549 aliquid
1382 1456 1436 1533 ita

412 1573 440 1608 “
454 1563 526 1641 effe
552 1564 779 1651 divinatum,
808 1560 906 1637 nihil
930 1579 973 1637 ut
997 1560 1160 1636 fortuito
1186 1563 1355 1639 cecidifle
1377 1568 1435 1642 vi·

411 1683 438 1724 “
452 1675 608 1751 deatut:
648 1674 733 1752 sunt
758 1692 887 1749 autem
910 1672 989 1765 ejus
1007 1673 1155 1772 generis
1176 1672 1449 1751 innumerabi-¹

412 1794 439 1829 “
452 1787 529 1861 lia:
559 1784 631 1862 effe
652 1788 766 1885 igitur
779 1785 1059 1860 divinationem
1073 1779 1336 1862 confitendum
1352 1784 1433 1864 est”.
1551 1798 1559 1810 ”

411 1895 552 1972 Festive
577 1900 615 1974 ὃ(
639 1897 824 1973 brevitet:
873 1893 935 1971 sed
958 1918 1049 1972 cum
1076 1893 1131 1969 bis
1153 1889 1305 1997 sumpsit
1328 1896 1436 1996 quod

411 2008 562 2093 voluit3
593 2001 736 2117 etiamst
758 2007 885 2083 faciles
906 2028 979 2083 nos
1000 2008 1046 2083 ad
1067 2006 1359 2085 concedendum
1373 2006 1438 2087 ha·

411 2118 548 2209 buerit,
578 2119 616 2194 id
638 2138 780 2197 tamen,
808 2116 915 2216 quod
939 2117 1115 2199 adsumit.
1142 2118 1305 2196 concedi
1324 2120 1436 2198 nullo

410 2228 536 2305 modo
560 2229 691 2329 potest.
721 2238 759 2274 ·“
772 2228 824 2318 Si,
848 2230 985 2326 inquit,
1000 2230 1206 2329 aliquando
1227 2230 1331 2307 oculi
1352 2252 1438 2331 pec·

411 2348 553 2429 “cent‚
594 2359 735 2421 tamen,
772 2341 862 2438 quia
886 2340 984 2414 rede
1016 2341 1224 2440 aliquando
1259 2339 1436 2423 viderint,

410 2450 544 2527 “inest
571 2451 611 2525 in
635 2449 692 2525 his
715 2453 771 2526 vis
794 2450 959 2526 videndi.
1013 2450 1124 2533 Item,
1142 2456 1156 2501 ²
1175 2446 1200 2525 st
1216 2452 1299 2549 quis
1319 2452 1437 2528 semel

409 2561 593 2660 “aliquid
616 2561 764 2641 dixerit,
807 2563 974 2636 istriam
1008 2586 1097 2657 eum
1133 2579 1275 2659 peccet,
1305 2581 1436 2639 tamen

406 2679 436 2773 .“
449 2672 715 2750 existimandus
737 2667 782 2747 stt
804 2668 942 2748 habere
964 2673 1044 2751 vim
1065 2673 1274 2755 divinandi.
1320 2672 1433 2765 Vide,
1445 2693 1490 2761 53
1600 2666 1603 2673 ⁴

1276 2782 1429 2883 quaeso,

409 2941 484 3018 gitur
502 2938 548 2999 lib.
563 2944 585 3000 1.
602 2962 661 3021 cap.
678 2944 723 3023 38.
740 2948 769 3003 δι
784 2941 862 3019 supra
880 2962 905 3001 c.
937 2941 1190 3033 subsequentequod
1202 2942 1260 3031 ejus
1273 2942 1432 3033 potestatem

406 3034 464 3150 49d
484 3026 521 3152 1?
521 3039 606 3153 m
622 3095 727 3155 sensum
746 3096 904 3177 oculorum]
933 3018 1435 3157 gidistiaai'lmi’fflliiizdzeffillioffi

406 3174 478 3249 Reg.
493 3174 568 3245 ustam
589 3174 737 3234 oculorum.-
768 3174 813 3232 sed
830 3193 904 3250 prae·
935 3188 1037 3231 veteres
1050 3172 1115 3229 editi
1128 3172 1331 3247 repraesentant,
1335 3170 1364 3249 β
1372 3176 1432 3251 quit

406 3248 456 3305 stat
471 3265 578 3325 recepta
597 3250 688 3316 lertio,
711 3271 792 3329 quam
814 3265 906 3310 tuetur
928 3250 1011 3327 semel
1028 3248 1132 3326 aliquid
1144 3252 1173 3305 in
1187 3250 1353 3309 divinatione
1371 3253 1433 3307 dix·

407 3330 496 3415 cicero
513 3326 591 3403 supra
609 3329 654 3386 lib.
673 3333 695 3420 Ι.
714 3348 770 3405 cap.
794 3347 840 3463 ἴ.
858 3330 906 3388 ubi
935 3331 1000 3385 erit:
1024 3330 1097 3417 Reg.
1107 3340 1199 3423 autem
1213 3329 1241 3387 ὅ(
1255 3326 1366 3419 Cautab.
1382 3326 1431 3385 ha·

405 3416 507 3478 paritet
531 3419 604 3481 extat
616 3413 784 3485 cratrppeum
818 3424 905 3465 ocar-
935 3406 1042 3464 bentdr
1055 3407 1221 3462 drumattrne·
1258 3404 1384 3468 Abundat
1397 3424 1430 3462 u·

405 3494 584 3557 gumentum.
620 3484 700 3556 idem.
934 3497 1027 3562 traque
1041 3479 1428 3559 praepofitimlegeudumque.

404 3559 904 3697 maritumum
930 3559 1035 3695 iuti
1050 3556 1430 3696 suuttttdttzu

404 3727 464 3767 mo.
485 3712 626 3770 Nimirum
634 3691 731 3770 dicendi
738 3680 824 3772 verbo
829 3656 905 3791 pigre·
935 3729 982 3773 tat.
1001 3679 1076 3793 Quin
1094 3713 1231 3785 &reponi
1247 3708 1429 3789 poffitfiqm'i⁴

401 3777 502 3876 dicrudr'
530 3791 588 3846 vim
618 3806 775 3865 competere
802 3792 905 3881 putavit
928 3789 1125 3924 ssmriaiipuid
1137 3784 1283 3877 divindrit:
1300 3786 1431 3879 necthaee

404 3882 448 3920 vu
461 3863 504 3921 rlle
519 3865 628 3924 doetus:
654 3886 707 3945 qua
723 3868 758 3926 de
772 3888 802 3925 re
817 3868 906 3927 videas
936 3883 1006 3927 tatto
1030 3868 1059 3925 dt
1073 3865 1169 3944 plicet3
1213 3864 1277 3922 lrcet
1302 3865 1431 3945 equidem

404 3940 468 4009 licet
488 3944 549 4000 Nic.
565 3942 698 4019 Heinssum
720 3947 750 4003 iu
765 3946 855 4003 ovidii
870 3948 908 4003 E·
936 3947 1057 4022 priorem
1085 3942 1270 4019 conjecturam
1301 3941 1433 4017 praetule-

405 4017 467 4091 pist.
487 4022 523 4085 V,
541 4039 589 4095 33.
627 4021 679 4080 Sed
702 4020 828 4085 absolute,
855 4040 906 4081 nec
935 4025 1008 4091 rint,
1032 4021 1106 4100 quod
1134 4021 1225 4094 miuus
1246 4038 1263 4093 a
1284 4019 1436 4094 Codicibuu

401 4092 490 4177 piiquo
513 4096 658 4179 vocabalo,
675 4113 820 4179 praeeunte
854 4100 897 4159 rel
937 4101 1020 4158 abeat.
1055 4098 1136 4168 idem.

446 4185 455 4207 ’·
522 4177 525 4186 “
683 4192 687 4199 “
932 4180 990 4273 it
1323 4173 1434 4248 perae
