3784 5084
400 545 480 617 226
661 530 1259 617 DuDIVINATIONE

463 707 576 795 negat
594 690 800 791 quicquan
817 690 924 767 Deos
943 715 1015 769 nec
1033 689 1147 768 alieni
1167 713 1295 767 curare
1315 715 1387 771 nec
1412 692 1494 773 sui?

462 829 512 881 an
536 802 659 880 noster
684 802 858 879 Ennius?
885 804 954 902 qui
977 824 1122 904 magno
1144 802 1276 906 plausu
1300 804 1492 907 loquitur,

463 915 697 993 adsentiente
725 913 882 1015 populo,
1014 923 1017 930 ’

516 1035 585 1132 Ego
611 1017 723 1098 Derim
741 1046 849 1131 geneis
872 1020 935 1129 effe
954 1017 1091 1133 semper
1112 1018 1255 1116 dixi&
1276 1023 1390 1102 dican
1412 1050 1491 1128 caes

571 1132 699 1209 litum:
850 1143 852 1148 ’

513 1244 582 1323 Sed
603 1271 654 1321 eos
680 1271 746 1319 non
775 1270 895 1323 curare
921 1244 1045 1354 opinor,
1075 1245 1162 1356 quid
1183 1264 1270 1355 ngat
1296 1238 1490 1327 humanum

561 1382 679 1464 genus.

459 1471 508 1546 Et
531 1471 702 1571 quidem,
739 1470 751 1507 ¹
774 1494 840 1548 cur
864 1465 912 1545 fic
937 1470 1130 1571 opinetur,
1160 1471 1354 1546 rationem
1376 1470 1489 1569 subji-

459 1585 523 1659 cit.
585 1581 660 1658 Sed
682 1579 782 1658 nihil
803 1579 853 1657 esi
886 1582 1031 1658 neeesse
1054 1580 1181 1658 dicere
1203 1602 1300 1679 quae
1324 1581 1488 1684 sequun-

458 1712 542 1770 tur:
590 1711 743 1770 tantum
780 1691 832 1767 sat
865 1691 916 1766 est
949 1691 1133 1793 intellegi,
1161 1691 1200 1767 id
1227 1688 1374 1770 sumere
1398 1694 1487 1772 isios

458 1826 530 1904 pro
557 1824 678 1895 cetto,
705 1803 823 1902 'quod
848 1801 1011 1879 dubium
1036 1801 1404 1903 controversumque
1427 1800 1486 1884 fit.

398 1930 442 1999 51
460 1907 638 2016 Sequitur
662 1935 792 2018 porro,
829 1903 937 1986 Nihil
957 1920 1044 1987 Deos
1067 1912 1236 2020 minorare,
1264 1912 1354 2021 qnod
1371 1915 1489 1992 omnia

459 2122 527 2200 isio
546 2124 573 2185 er}
593 2124 720 2205 neonifio
739 2135 762 2209 ig
780 2122 897 2205 &maedi
913 2120 960 2185 ’ἔτι
1022 2129 1092 2188 Ibid.
1113 2138 1221 2205 Negant
1234 2131 1301 2188 enim
1316 2021 1488 2208 ideffecsie·

461 2205 523 2265 eriri
540 2206 692 2285 repriorarem
715 2198 796 2278 spur,
817 2201 863 2264 ἔτι
884 2194 959 2277 ιἰλλᾳ
986 2226 1052 2264 num
1074 2209 1215 2289 majestatis
1237 2217 1363 2270 Deorum,
1382 2210 1488 2283 firiicet

459 2282 581 2362 meinsi-
603 2305 655 2363 pro
674 2285 743 2345 iilius
760 2285 836 2342 enim
854 2284 958 2341 senten·
986 2288 1075 2362 canfirs
1090 2290 1205 2343 omnium
1218 2286 1398 2366 introspicere]
1431 2292 1488 2365 Ap·

459 2366 497 2423 tia
517 2366 533 2423 ti
555 2366 709 2436 συμφωνοῦσι
731 2360 912 2441 renumerare
934 2363 957 2419 re*
987 2376 1060 2437 paret
1084 2362 1149 2420 haec
1174 2362 1355 2437 superioribus
1373 2363 1425 2423 esse
1445 2380 1488 2425 at·

458 2433 575 2519 egreditr
590 2437 774 2519 peroptimi.
812 2440 883 2498 Vide
895 2441 958 2495 Die-
985 2441 1107 2503 texenda,
1131 2440 1277 2517 locumque
1291 2443 1328 2497 ite
1343 2443 1489 2520 corrigen-

455 2538 549 2595 genem
561 2523 699 2579 Laertium
713 2520 757 2578 sih
774 2519 843 2594 ις
864 2538 912 2592 77·
929 2521 958 2575 δι
985 2516 1065 2574 dum:
1100 2527 1209 2593 Negant
1227 2521 1309 2577 etiam
1328 2519 1357 2575 id
1374 2520 1418 2597 effe
1434 2520 1488 2578 asi·

458 2601 581 2658 nostrum
601 2599 639 2655 lib
662 2601 685 2657 1.
703 2600 793 2657 N.D.
807 2614 886 2674 capp.
912 2614 956 2669 19,
985 2613 1064 2652 enum
1079 2596 1221 2677 majestatis
1237 2603 1363 2657 Deorum,
1383 2597 1487 2674 scilieet

458 2688 505 2751 29.
542 2678 654 2732 Davies.
985 2670 1054 2729 casas
1075 2676 1191 2730 omniurn
1211 2675 1376 2750 introspicere.
1419 2680 1489 2754 Qro

475 2753 509 2809 '²1
541 2757 599 2809 cur
619 2750 659 2825 fic
686 2752 809 2826 opinetur,
830 2750 958 2806 rationem
985 2750 1060 2807 enirn
1074 2751 1171 2808 ordine
1186 2750 1362 2829 Chrysippus,
1382 2752 1489 2830 Dioge-

449 2828 581 2910 subjieir]
608 2832 645 2887 Ea
660 2830 730 2886 ratio
753 2826 817 2888 fuit,
987 2845 1041 2889 nes.
1068 2832 1095 2889 δι
1116 2829 1265 2905 Antipater,
1289 2829 1416 2891 rationes,
1438 2849 1488 2888 cur

473 2903 568 2964 'Nam
579 2905 609 3040 p
624 2920 730 2969 enrent,
756 2903 817 2962 berre
832 2901 900 2958 bonis
910 2900 959 2977 fir,
984 2903 1116 2962 divinatio
1130 2905 1202 2971 esset,
1216 2904 1371 2972 attulerant3
1386 2906 1489 2965 eodem

531 3004 576 3041 mu
590 2984 703 3049 masis,
719 2984 789 3061 quod
802 3000 869 3037 nnnc
880 2980 957 3055 abest.
986 2982 1083 3039 ordine
1101 3001 1143 3039 eas
1159 2982 1226 3058 ipsas
1241 2984 1357 3041 rationes
1373 3001 1491 3044 conatur

458 3063 531 3119 Vide
544 3066 729 3142 Hieronymum
747 3058 905 3117 Columnam
924 3057 957 3115 ed
988 3061 1076 3117 Cicero
1094 3058 1245 3117 confutare.
1278 3068 1386 3134 Negant
1394 3064 1492 3124 etiam,

457 3143 533 3196 Ennii
546 3142 654 3217 Fragm.
669 3156 752 3216 pugg.
769 3155 835 3209 ²²4»
850 3154 885 3191 22
889 3154 918 3209 5.
930 3139 958 3195 &
988 3138 1085 3214 inquit,
1104 3137 1134 3195 id
1145 3138 1189 3214 effe
1207 3136 1324 3195 alienum
1343 3138 1491 3217 majestatis

458 3219 605 3273 turianum
625 3219 688 3295 Jov.
712 3220 797 3295 Trug.
813 3218 899 3273 Tom.
918 3215 956 3273 ΙΙ.
988 3221 1114 3279 Deorum,
1131 3217 1200 3291 casas
1215 3214 1330 3272 omnium
1345 3216 1491 3293 introspice·

458 3310 521 3371 pag.
544 3313 609 3368 ¹39·
647 3294 728 3351 Idem.
986 3310 1024 3347 re.
1059 3292 1198 3365 Ei'parineie·
1223 3291 1295 3371 quast
1313 3292 1403 3358 dicati
1430 3312 1490 3352 ma·

496 3388 511 3424 2
528 3373 566 3427 Ea
581 3388 649 3448 quae
665 3382 795 3426 eventura
804 3371 882 3444 sunt]
900 3368 958 3427 Pri·
986 3370 1061 3425 xime
1075 3370 1113 3426 est
1127 3371 1244 3429 asienum
1258 3368 1402 3444 majestatis
1414 3370 1491 3429 Deo·

457 3465 503 3506 ma
518 3466 572 3505 vox
586 3449 624 3503 est
639 3463 655 3501 a
671 3448 772 3514 MSStis
790 3448 869 3505 Paris.
883 3447 958 3504 Mod.
987 3464 1061 3508 rum,
1076 3447 1146 3506 cassis
1161 3448 1288 3506 omnium
1300 3444 1492 3523 introspicere.

457 3524 557 3584 Bolliol.
572 3528 642 3600 Reg.
656 3526 684 3581 &
701 3528 873 3600 Ven.r471.
892 3542 958 3581 nam
987 3537 1019 3581 ut
1035 3523 1152 3588 videant,
1177 3524 1242 3601 quid
1263 3524 1363 3602 cuique
1382 3524 1490 3583 condu-

458 3602 543 3680 vulgo
558 3602 639 3660 deest.
674 3600 755 3657 idem.
839 3604 842 3608 ’
987 3615 1041 3659 cat.
1079 3604 1114 3659 Et
1124 3602 1195 3659 dixit
1205 3603 1276 3677 caseis
1288 3602 1389 3678 potius,
1404 3620 1489 3680 quant

501 3700 514 3754 3
536 3688 643 3754 Negant
662 3680 730 3735 enim
751 3677 780 3734 id
801 3676 867 3759 effe]
882 3679 957 3736 Inter
987 3679 1078 3741 domos,
1091 3695 1124 3738 ut
1138 3677 1291 3737 humilitate
1307 3676 1382 3735 verbi
1397 3684 1490 3754 major

458 3754 524 3813 hacc
546 3758 634 3822 verba,
662 3754 848 3831 &superiora
873 3774 957 3831 quam
987 3757 1050 3815 estet
1068 3757 1167 3815 ironia:
1191 3756 1275 3813 domos
1291 3755 1368 3814 enim
1384 3758 1488 3832 princi·

449 3837 524 3907 seire,
547 3834 618 3890 deest
637 3832 767 3911 quiddam
788 3833 848 3895 tale,
868 3836 955 3907 Sequi·
989 3851 1036 3907 pes
1061 3836 1113 3892 riri
1136 3833 1254 3892 hubitare
1275 3829 1379 3898 solent,
1415 3836 1486 3910 rafim

459 3924 506 3964 tnr
529 3917 596 3965 Deos
617 3930 648 3966 ea
665 3908 733 3964 nobis
747 3907 959 3985 praeſsgnificare.
988 3929 1045 3968 non
1060 3909 1153 3973 solent,
1192 3929 1239 3969 uae
1258 3911 1403 3987 agrestium
1423 3930 1488 3989 pro·

461 3993 567 4057 Negant
582 3988 667 4042 iidem.
685 3985 790 4056 Deinde
803 3986 958 4064 legendum,
990 3988 1061 4060 princ
1076 3987 1146 4047 sunt.
1204 3990 1441 4047 itiioncmautem
1456 3987 1486 4046 ss·

461 4077 538 4120 erunt
551 4067 617 4118 eninr
633 4068 686 4122 &c
710 4064 798 4121 Debet
813 4066 897 4139 igitur
914 4064 960 4121 hic
988 4063 1041 4120 iam
1054 4064 1202 4139 scilicetne
1218 4066 1377 4139 accipimus,
1392 4080 1424 4124 ut
1440 4082 1487 4140 per

463 4141 551 4199 notari
575 4137 676 4202 stellula,
706 4144 733 4197 δε
750 4143 786 4201 itn
800 4140 866 4201 olim
880 4141 961 4219 jusse-
989 4141 1103 4200 ironiam
1123 4142 1206 4219 postte
1221 4143 1261 4206 stt.
1285 4160 1342 4199 non
1362 4157 1394 4199 ut
1413 4142 1443 4198 id
1455 4141 1487 4216 epi

462 4236 532 4282 tent.
568 4214 720 4277 Lambinus.
1347 4218 1487 4295 significet.

471 4307 497 4331 χ
587 4314 590 4320 .
