3784 5084
409 585 487 667 1⁶4
670 556 1271 648 nemvrnnrroun

467 713 608 795 fidibus
646 717 727 793 aliis
750 708 860 818 pulis
887 710 1063 789 resonate
1091 716 1211 801 aiioar
1258 708 1501 817 ‘ostreisque

471 834 510 907 oc
531 828 744 928 conchyliis
762 825 946 903 omnibus
968 826 1207 928 contingere,
1230 843 1273 903 ut
1291 846 1381 900 cum
1405 827 1502 907 luna
1549 843 1551 847 '

469 944 608 1043 pariter
643 937 822 1027 crescant,
863 938 1087 1039 pariterque,
1110 934 1348 1022 decrescant3
1388 938 1501 1015 arbo·

471 1050 605 1150 resque
628 1068 671 1127 ut
706 1048 863 1126 hiemali
899 1067 1091 1149 tempore,
1126 1056 1249 1126 'cum
1273 1048 1365 1127 iuna
1387 1044 1503 1127 simul

472 1162 721 1251 senescentes,
749 1161 840 1258 quia
868 1176 954 1235 tum
978 1152 1179 1237 exsiccatae
1202 1154 1285 1240 fint.
1313 1156 1505 1261 tempesti-

473 1294 520 1351 ve
541 1272 647 1350 caedi
668 1289 862 1373 putentur.
917 1272 1022 1376 Qud
1049 1270 1097 1347 de
1117 1269 1236 1363 fretis,
1265 1289 1330 1347 aut
1353 1271 1402 1348 de
1423 1292 1507 1348 ma·

479 1385 575 1463 tinis
598 1383 754 1459 aestibus
774 1382 883 1482 plura
905 1381 1057 1458 dicam?
1097 1403 1268 1481 quorum
1284 1379 1443 1460 accessus
1464 1383 1507 1459 &

474 1496 633 1575 recessus
659 1503 673 1551 ³
696 1495 809 1570 lunae
834 1512 948 1569 motu
970 1493 1242 1594 gubernantur.
1299 1507 1321 1544 ⁴
1338 1494 1502 1573 Sexcen-

475 1625 515 1683 ta
543 1609 632 1684 licet
665 1605 833 1701 ejusdem
869 1604 979 1680 modi
1004 1604 1177 1708 proferri.
1216 1622 1258 1683 ut
1284 1605 1507 1684 distantium

474 1741 606 1796 rerum
625 1719 807 1818 cognatio
820 1717 998 1793 naturalis
1019 1735 1201 1817 appareat.
1245 1716 1394 1797 Demus
1406 1717 1509 1807 hocs

474 1829 572 1909 nihil
596 1830 703 1906 enim
735 1826 825 1903 huie
859 1826 1109 1925 disputationi
1133 1828 1364 1907 adversatur:
1406 1854 1507 1908 num

476 1944 609 2031 etiarn,
629 1934 656 2014 st
675 1936 796 2014 fissum
818 1937 1012 2032 cuiusdam
1035 1938 1146 2015 modi
1165 1938 1279 2017 suerit
1300 1941 1342 2016 in
1364 1945 1508 2039 jecore,

478 2053 630 2130 luctu-m
654 2046 890 2125 ostenditur?
925 2051 1046 2153 5Qta
1070 2074 1116 2126 ex
1141 2052 1374 2152 cognatione
1394 2071 1507 2132 natu·

479 2186 542 2241 rae
573 2166 611 2239 &
641 2153 743 2261 quast
776 2178 972 2236 concentu
999 2179 1113 2260 atque
1148 2162 1350 2254 consensu,
1386 2186 1508 2265 quam

478 2265 705 2368 συμπάθειαν
744 2268 879 2348 Graeci
905 2272 1110 2373 appellant,
1150 2274 1357 2352 convenite
1382 2274 1508 2377 potest

477 2405 542 2463 aut
576 2383 699 2461 finum
724 2385 858 2480 jecoris
884 2405 975 2459 curn
998 2384 1141 2462 lucello
1171 2408 1277 2477 meo,
1306 2404 1370 2464 aut
1395 2410 1509 2467 meus

476 2496 725 2599 quaesticulus
749 2518 840 2573 curn
874 2497 995 2588 caelo,
1025 2513 1136 2588 terta,
1163 2519 1369 2601 rerumque
1393 2518 1507 2578 natu-

1440 2620 1507 2691 rai

474 2751 490 2787 *⁴
520 2755 686 2830 rosreisque
701 2750 736 2821 ό·
751 2751 879 2885 conehpliis
895 2759 971 2814 omni·
1004 2769 1072 2831 quoe
1094 2760 1173 2813 Luna
1196 2750 1243 2811 nel
1253 2757 1325 2890 sm
1343 2754 1433 2833 piena,
1459 2753 1509 2814 vei

477 2830 526 2889 bus
548 2830 709 2903 contingere]
745 2830 865 2902 Ageir'us
889 2832 927 2889 N.
944 2837 978 2889 A.
1003 2830 1091 2889 adhuc
1112 2834 1233 2909 crescente
1270 2836 1350 2917 ejebia
1382 2850 1440 2897 unt,
1466 2837 1510 2891 in·

478 2929 529 2971 xx,
544 2908 572 2965 8.
611 2916 685 2964 Lnnet
699 2925 766 2961 nunc
779 2908 898 2965 videlicet
908 2910 977 2986 sene-
1007 2922 1065 2985 epta
1085 2910 1194 2987 fabricis
1225 2912 1269 2988 effe
1298 2836 1391 2989 quas!
1389 2912 1510 2971 emollita

471 2988 540 3063 scit.-
569 3004 600 3043 ea
621 3006 651 3043 re
672 2984 749 3059 ostrea
771 3003 879 3062 quoque,
899 2983 980 3058 sscnti
1008 2999 1052 3061 per
1067 2985 1181 3045 humoris
1204 2992 1394 3065 conceptionem,
1417 2992 1511 3050 statuit

479 3063 611 3143 quaedam
629 3061 695 3196 aspa,
728 3062 811 3117 tennis
827 3065 980 3151 exsuiiaqne
1006 3066 1154 3199 MmJbJus
1171 3069 1281 3124 saturn.
1306 3066 1355 3125 lib.
1375 3087 1425 3127 vu.
1445 3087 1510 3148 cap.

478 3160 493 3196 e
520 3150 839 3197 —Eaemantemt
863 3161 890 3204 a.
929 3163 980 3204 uae
1012 3162 1019 3198 ι
1048 3187 1054 3201 .
1123 3162 1176 3201 ειη,

477 3140 599 3293 ἔψαυε
613 3226 690 3273 Luna
710 3215 829 3291 gliscunt,
838 3142 979 3293 Psd‘ficismn
1027 3162 1060 3296 ⁷3
1078 3227 1169 3278 Lunae
1199 3236 1273 3281 motu
1294 3222 1510 3306 gubernantur]

477 3308 567 3351 contra
583 3302 668 3356 Luna,
685 3295 714 3349 de
731 3310 789 3351 unt.
827 3296 924 3355 Plinius
942 3304 977 3356 H.
1010 3303 1065 3355 Hac
1085 3300 1120 3357 de
1136 3317 1166 3355 re
1181 3316 1304 3358 veterum
1318 3300 1376 3361 loca
1396 3302 1512 3394 collegi·

477 3371 516 3431 N.
535 3370 581 3429 sib.
605 3374 641 3429 11.
659 3371 746 3450 §.·4¹·
779 3374 848 3430 ‘am
877 3378 979 3451 quidem
1008 3394 1069 3432 mus
1083 3378 1116 3434 ad
1131 3374 1177 3435 lib.
1194 3380 1330 3438 II.N.D.
1348 3397 1373 3436 c.
1389 3402 1417 3455 7.
1435 3384 1513 3443 Hinc

475 3453 576 3506 Lnnari
592 3450 721 3525 potesate,
747 3471 760 3506 o
781 3471 897 3518 reatum,
923 3474 977 3510 con
1007 3461 1125 3511 Oceanus
1159 3454 1218 3531 uas
1236 3464 1328 3515 Lunae
1346 3478 1426 3517 contet
1446 3478 1513 3522 curn

476 3524 676 3607 thyliornmqne,
701 3526 736 3596 &v
753 3527 908 3588 concharum
924 3550 966 3587 om
1008 3551 1039 3587 ea
1071 3474 1159 3605 smuq
1183 3534 1287 3610 senescit
1320 3536 1512 3615 adolescitque.

475 3610 549 3663 nium
564 3618 665 3681 corpora
680 3609 817 3680 angeriac
832 3610 917 3682 rursm
929 3611 976 3663 nri-
1008 3623 1089 3683 prout
1108 3612 1145 3668 ait
1158 3614 1303 3669 Favorinus
1319 3613 1390 3691 apud
1404 3615 1513 3689 Agelli·

476 3687 531 3740 nni.
578 3684 648 3756 Vide
669 3683 701 3740 fis
724 3683 865 3740 Aelianum
891 3688 926 3740 H.
944 3687 976 3740 A.
1007 3704 1053 3742 urn
1069 3686 1106 3743 N.
1123 3690 1155 3745 A.
1171 3686 1217 3748 lib.
1233 3706 1290 3747 xtv.
1306 3709 1406 3767 caper.
1425 3693 1511 3752 Idem.

473 3758 522 3817 lib.
539 3777 577 3819 rx.
590 3781 615 3820 c.
633 3766 661 3818 6.
677 3765 704 3819 &
720 3768 827 3816 Leonem
841 3759 977 3818 Alsatinm
1042 3773 1206 3838 4Sexcenta
1225 3766 1285 3823 licet
1310 3770 1420 3847 ejeefilern
1440 3774 1512 3827 modi

474 3838 503 3893 in
529 3838 656 3912 Errsintlnr'
680 3841 811 3895 Herta'e'rn.
841 3856 903 3914 pag.
933 3854 979 3913 17.
1008 3840 1151 3923 proferri]
1186 3846 1226 3901 Ita
1241 3845 1352 3921 quidem
1371 3848 1460 3905 MSSti
1476 3849 1513 3906 fi-

472 3914 555 3971 Idem.
602 3962 606 3969 .
1006 3918 1063 3975 mul
1084 3938 1115 3976 ac
1135 3921 1203 3978 editi
1221 3920 1290 3980 libri.
1328 3923 1378 3981 Sed
1395 3922 1513 4001 proferre

514 4009 529 4045 2
548 3996 618 4046 Cum
634 3995 709 4048 Luna
720 3989 803 4061 smus
810 3991 975 4066 senescentes]
1005 3996 1108 4054 mavult
1117 4000 1158 4054 vir
1171 3996 1340 4057 douitfimus
1349 4001 1513 4079 Jonn.Cle·

476 4069 547 4125 Vide
568 4068 609 4132 fis,
625 4068 695 4125 inter
715 4070 788 4131 alios,
809 4069 922 4125 Plinium
939 4073 975 4125 H.
1004 4075 1088 4137 cicun
1111 4075 1158 4132 cui
1171 4074 1315 4133 adsentior.
1353 4079 1436 4136 Idem.

475 4146 514 4205 N.
531 4144 577 4205 lib.
599 4164 656 4204 xer.
675 4146 701 4221 §.
719 4163 768 4221 74.
805 4148 877 4206 Hinc
894 4144 985 4227 lr'gttn,¹
1041 4149 1147 4237 ch
1158 4171 1193 4212 cx
1207 4154 1512 4236 cognationenererae]

1371 4238 1509 4296 Gruterus
