3784 5084
693 531 1137 623 Lruuul‚'11'.

467 680 726 795 Concurficsque
753 694 768 745 ³
779 687 908 795 gravis
919 685 1108 788 stellarum
1137 686 1258 768 urolore
1278 693 1440 777 micantis

465 808 505 877 T
495 827 519 876 u
540 823 681 908 quoque,
691 806 714 852 ⁴
731 824 808 875 eum
820 796 963 875 tinnulos
974 796 1110 878 Albano
1121 803 1160 877 in
1176 823 1289 882 monte
1306 808 1439 889 nivalis

466 908 640 1013 Lustrasti
662 905 709 1001 ά
735 908 826 986 laeto
846 909 1012 1015 mullaste'
1033 910 1125 991 lallc
1145 916 1307 1019 Latinus,
1434 902 1437 915 Δ

465 1018 597 1121 Vidisti,
620 1016 666 1111 ῤ’
687 1019 780 1098 eluro
804 1020 962 1100 tremulos
981 1023 1102 1101 ardore
1125 1046 1281 1122 cometas,

352 1183 354 1187 .
464 1132 658 1242 Multaque
680 1132 819 1240 misceri
837 1136 1006 1210 noiiurnu
1017 1134 1140 1246 strage
1152 1137 1310 1244 putasti:

464 1245 582 1349 Quod
593 1243 712 1351 ferme
732 1245 903 1343 olirunqin
926 1265 1052 1355 tempus
1075 1256 1091 1300 5
1110 1248 1255 1327 cecidere
1273 1254 1438 1343 Latinae,

463 1369 549 1433 Cum
570 1353 705 1431 cluram
716 1354 868 1464 speciem
889 1377 1040 1435 concreto
1061 1356 1188 1438 lumine
1205 1372 1309 1440 Lunu

462 1464 623 1560 Abdidit,
654 1463 700 1558 ἀ
713 1464 833 1574 stobito
847 1465 1011 1567 stellanti
1027 1473 1123 1547 nocie
1143 1492 1256 1581 perem
1277 1495 1318 1553 ta
1339 1471 1397 1582 ιβ.

469 1574 604 1685 ‘Quid
620 1606 703 1658 vero
726 1574 849 1657 Phoebi
860 1578 952 1687 fou
980 1578 1087 1681 tristis
1106 1587 1234 1660 nuncin
1249 1496 1340 1671 belli,

461 1693 576 1797 Qec
605 1699 619 1745 ⁷
649 1716 814 1799 magnum
852 1690 905 1767 un'
930 1689 1078 1768 columen
1101 1690 1288 1801 flammato
1316 1692 1438 1778 ardore

520 1798 681 1895 volabat,

466 1908 690 2022 'Praecipitis
708 1913 798 1991 cueli
810 1913 926 2023 pertis
947 1908 1073 2022 obitus
1083 1942 1125 1993 ue
1136 1915 1284 2027 petefflt.

458 2037 538 2103 Aut
558 2052 635 2101 curu
657 2023 810 2103 terribili
820 2024 998 2136 perculsus
1007 2026 1058 2132 fu
1106 2030 1162 2107 ine
1181 2033 1283 2127 civis,

457 2148 551 2214 Luce
567 2135 754 2247 serenanti
775 2150 791 2196 ⁹
809 2137 943 2246 vitalia
962 2136 1096 2217 lumina
1119 2139 1223 2252 liquit
1233 2174 1249 2222 .·

459 2258 537 2328 Aut
560 2277 637 2330 cum
645 2249 693 2359 se
710 2250 862 2362 gravido
885 2249 1077 2357 tremefecit
1098 2276 1228 2365 corpore
1245 2250 1355 2334 tellus.

404 2476 547 2529 Varronem
553 2470 599 2561 lili.
608 2476 684 2531 V.L·
693 2472 760 2547 L.§.
769 2491 795 2548 3.
807 2475 835 2532 δι
844 2475 908 2530 Dio·
937 2470 1029 2545 tufique
1039 2430 1151 2563 potegit]
1173 2474 1277 2529 Contra
1290 2366 1438 2543 reglum,

406 2545 505 2627 nyfium
526 2549 752 2609 Halicarnaffeum
768 2550 815 2609 lib.
831 2569 869 2609 iv·
885 2570 911 2610 c.
938 2544 1029 2609 ὗθυὰς
1046 2549 1069 2610 ῖς
1086 2544 1108 2607 >5
1125 2545 1209 2625 olgerio
1226 2545 1278 2603 ἐπὶ
1291 2548 1314 2607 tp
1327 2542 1436 2622 llo-ufir

405 2645 457 2701 49.
496 2627 578 2684 ilem.
938 2616 1088 2701 oliliquum.
1106 2643 1139 2685 ut
1160 2626 1244 2685 trudit
1257 2632 1434 2705 DiouCaffms

446 2723 465 2779 5
488 2705 620 2763 Cecidere
641 2703 782 2784 Lutiuae]
813 2701 908 2782 Vulgo
936 2700 984 2759 lib.
1004 2723 1113 2763 xxxin.
1130 2722 1194 2782 pag.
1212 2722 1261 2778 41.
1276 2710 1308 2765 B.
1334 2708 1435 2788 Julius

403 2785 531 2849 cecinere3
563 2801 631 2860 quae
646 2784 757 2861 quidem
773 2783 865 2843 lenio,
887 2784 909 2840 si
936 2778 1077 2858 Obsequere
1099 2782 1135 2840 de
1160 2782 1270 2860 Prodig.
1285 2804 1345 2861 cap.
1370 2804 1435 2845 122.

404 2860 574 2919 commodus
596 2860 661 2918 inde
676 2863 833 2936 proveniret
847 2858 906 2917 sen·
935 2856 1017 2915 Trubs
1032 2861 1125 2918 ardens
1138 2859 1175 2915 ub
1188 2865 1276 2937 occasu
1284 2865 1322 2920 ul
1328 2862 1434 2920 caelum

403 2937 460 2999 sus,
475 2938 539 2994 loco
554 2937 690 2996 movenda
707 2938 778 2995 mihi
792 2955 848 2993 non
865 2938 904 2995 vi·
935 2949 1053 2995 extenta.
1096 2938 1216 3012 Atvifhs
1233 2942 1352 2997 nouumo
1366 2954 1435 2997 tent·

403 3016 525 3073 deretur.
568 3016 643 3073 oum
660 3034 726 3072 vero
742 3033 777 3071 ex
800 3032 831 3070 eo
850 3012 906 3071 sani
932 3024 992 3087 port
1015 3013 1049 3069 ab
1065 3012 1209 3071 occidente
1225 3014 1301 3090 fucn
1324 3036 1435 3075 memo·

403 3092 475 3151 nihil
496 3090 651 3169 exsculpere
664 3111 777 3170 queam,
792 3090 905 3148 Codicis
933 3104 976 3147 rot
999 3090 1056 3167 iple
1077 3093 1166 3149 Cicero
1187 3092 1267 3151 Catil.
1291 3096 1343 3151 111.v
1358 3112 1384 3153 c·
1404 3094 1433 3155 8.

403 3170 516 3229 Eliensis
529 3170 613 3227 fidem
626 3169 687 3228 sum
701 3168 816 3228 securus.
852 3168 904 3225 Sed
933 3167 1014 3223 reem.

404 3255 435 3308 &
456 3247 543 3305 Aldus
569 3250 666 3322 Nepos
690 3247 802 3304 eodem·
818 3245 906 3303 modo
970 3263 989 3319 9
1007 3244 1081 3302 Vitui
1096 3242 1199 3304 lumina
1218 3242 1310 3323 liquit]
1336 3250 1381 3307 Sic
1394 3247 1433 3306 le·

400 3325 571 3405 jampridem
582 3324 677 3382 edidit.
713 3324 795 3383 ilem.
934 3321 1069 3399 gendum
1098 3342 1165 3390 non,
1192 3337 1224 3381 ut
1248 3323 1347 3385 habent
1369 3325 1431 3385 libri

442 3407 460 3459 ό
476 3404 551 3481 Qud
566 3421 629 3459 vero
640 3399 733 3460 Phoebi
738 3401 809 3478 fine]
822 3408 905 3466 um·
931 3399 1075 3476 vulgati&
1087 3399 1210 3460 nonnulli
1219 3403 1308 3461 MSSti
1322 3402 1432 3469 vitalio.

402 3479 686 3555 binusexconjeihiru
692 3480 805 3557 recepit,
819 3498 904 3557 quum
932 3480 968 3535 Et
980 3479 1018 3534 ito
1030 3477 1168 3537 edendum
1182 3480 1275 3536 curavi
1288 3483 1360 3559 opud
1374 3487 1430 3539 Lu·

400 3577 478 3616 vero.
514 3558 622 3649 illelius,
641 3572 673 3615 ut
693 3554 803 3633 opinor,
822 3574 903 3632 repo
929 3559 1043 3613 tretium
1058 3554 1105 3613 lib.
1123 3576 1148 3619 v,
1165 3574 1232 3629 224.
1276 3633 1283 3647 ·

400 3634 905 3787 millissnnnfiqlplf‘ill
968 3635 1288 3771 *lg-

441 3810 459 3865 7
477 3798 610 3865 Magnum
622 3792 662 3846 al
673 3789 805 3864 columen]
820 3790 904 3846 instar
931 3785 979 3845 ubi
990 3787 1053 3845 libri
1066 3787 1203 3865 vulgati&
1211 3787 1332 3867 plerique
1344 3786 1429 3869 scrip.

401 3868 557 3933 columnae,
571 3867 615 3926 seu
627 3868 660 3927 ad
669 3867 812 3926 columnae
827 3884 904 3943 mag·
932 3864 1069 3924 tihabent
1083 3862 1174 3921 vituli.
1211 3866 1367 3926 Lambinus.

401 3946 571 4007 nitudinem.
596 3959 680 4021 prout
700 3943 816 4019 explicat
837 3950 903 4001 Tur·
970 3942 1039 4001 Ibid.
1063 3940 1162 3999 Vitalia
1191 3938 1294 4000 luminu
1323 3944 1431 4029 liquit]

400 4022 482 4081 nibus
499 4022 569 4079 Ado.
583 4042 610 4088 v,
627 4042 674 4081 ιο.
709 4024 790 4080 lolem.
933 4019 1187 4078 Haecestomuium
1200 4022 1433 4088 nostrorum‚cre-

439 4101 634 4181 §Praecipitis
656 4098 723 4162 caeli
743 4099 829 4181 ponis
851 4096 906 4162 obi-
932 4096 971 4237 ἀὲ)
979 4102 1019 4251 pc
1039 4095 1216 4183 reliquorum,
1236 4098 1432 4237 Codicumffileq

1087 4210 1089 4216 '
1387 4194 1427 4253 ’Ἷ

1453 549 1502 649 '23
