3784 5084
317 559 479 654 τιιό
672 537 1275 632 nanrvrnn‘rrona

464 702 747 780 divinationem
776 726 902 790 voco;
930 701 1112 777 ncillam
1145 699 1319 799 quidem,
1348 720 1428 798 qua
1451 697 1498 777 ab

463 814 758 892 Anaximandro
800 809 957 914 physico
1003 813 1147 887 moniti
1197 809 1496 889 Lacedaemonii

464 927 552 1004 sunt
578 944 621 1000 ut
642 927 777 1000 urbem
800 931 838 1001 ὅ(
861 925 957 1001 tedia
978 927 1196 1021 linquerent
1219 925 1433 1020 armatique
1455 924 1497 1000 in

465 1055 558 1137 agro
589 1037 844 1126 excubarent,
873 1036 979 1134 quod
1019 1055 1136 1111 terrae
1168 1051 1299 1109 motus
1330 1034 1496 1123 instatet‚

467 1167 566 1237 rum,
596 1170 686 1222 cum
708 1152 746 1224 δ(
773 1150 860 1223 urbs
892 1167 975 1222 tota
1007 1146 1181 1234 conruit,
1224 1148 1261 1221 ὅ(
1289 1167 1333 1218 ex
1359 1164 1498 1224 monte

467 1262 646 1359 Taygeto
677 1259 688 1297 ¹
711 1278 882 1333 extrema
914 1260 1060 1336 montis
1086 1250 1189 1355 quali
1218 1256 1353 1356 puppis
1374 1254 1499 1331 avulsa

468 1369 529 1446 est.
597 1370 661 1446 Ne
697 1369 931 1467 Pherecydes
966 1370 1125 1469 quidem
1150 1368 1227 1456 ille,
1261 1364 1499 1471 Pythagorae

477 1479 663 1581 magister,
693 1483 819 1580 potius
849 1481 999 1556 divinus
1030 1480 1227 1555 habebitur
1254 1498 1376 1577 quam
1406 1476 1512 1581 phy·¹

470 1586 586 1678 ficum
620 1593 771 1689 ²quod
796 1614 886 1669 cum
913 1592 1060 1669 vidiffet
1085 1586 1250 1675 haustam
1282 1610 1420 1687 aquam
1451 1588 1498 1665 de

470 1706 549 1804 jugi
576 1724 705 1804 puteo,
745 1722 864 1778 terrae
899 1723 1054 1778 ntorum
1088 1703 1183 1777 dixit
1209 1697 1354 1792 instare.
1410 1700 1500 1777 Nec

472 1836 564 1891 vero
588 1837 774 1912 nmquam
797 1817 946 1889 animus
968 1813 1139 1889 hominis
1165 1812 1385 1887 naturaliter
1405 1812 1500 1889 divi·

472 1946 549 2005 nat.
592 1920 659 1998 nist
693 1948 782 1999 cum
809 1927 861 1999 ita
895 1927 1040 2001 solutus
1065 1922 1114 1999 est
1140 1926 1176 1999 da
1205 1944 1355 2013 vacuus,
1393 1940 1437 1997 ut
1464 1923 1500 2015 ei

471 2036 584 2133 plane
610 2032 709 2109 nihil
730 2029 773 2108 fit
804 2059 892 2111 cum
922 2059 1107 2135 corpote:
1153 2034 1296 2133 ³quod
1320 2043 1383 2110 aut
1406 2031 1499 2110 vati·

473 2146 540 2221 bus
561 2148 752 2245 contingit
773 2165 837 2221 aut
858 2147 1148 2223 dormientibus.
1196 2146 1327 2245 ltaque
1352 2167 1394 2221 ea
1420 2145 1500 2222 duo

472 2277 611 2357 genera
639 2279 660 2332 a
698 2257 932 2334 Dicaearcho
966 2259 1177 2360 probantur
1202 2260 1259 2347 da,
1290 2249 1331 2330 ut
1357 2256 1448 2346 dixi,
1478 2278 1499 2330 a

1310 2365 1497 2469 Cratippo

512 2476 672 2532 rExtrema
696 2476 798 2532 montis
816 2473 892 2553 quast
906 2486 969 2548 pup·
997 2474 1031 2543 &a
1055 2474 1188 2534 urbsaota
1211 2491 1298 2529 aarum
1319 2476 1433 2535 corruit,
1459 2470 1494 2541 ό·

467 2554 508 2626 pis
523 2554 617 2629 avulsa
634 2553 689 2630 ast]
715 2558 746 2609 ln
767 2557 838 2629 Reg.
855 2559 882 2611 δι’
899 2554 967 2607 Can·
998 2558 1101 2632 Taygeti
1133 2555 1225 2608 mantis
1247 2569 1345 2624 magna
1371 2564 1433 2628 para
1459 2548 1499 2607 ad

470 2629 569 2683 tabell
584 2645 704 2686 extrema
716 2644 776 2704 pars
791 2635 967 2705 mantiaqua-
994 2629 1109 2699 formam
1126 2632 1212 2705 puppis
1237 2629 1346 2685 emineas
1369 2626 1494 2703 abrupta.

462 2701 492 2777 fi
503 2709 600 2778 puppis.
648 2708 718 2761 Mihi
735 2709 822 2762 noster
842 2706 968 2780 seripliffe
1001 2707 1059 2763 Nili
1073 2706 1156 2770 failor,
1173 2727 1206 2763 ex
1222 2704 1291 2763 male
1307 2704 1439 2763 intelltsta
1450 2706 1496 2761 ci·

471 2781 586 2843 videtur,
611 2802 645 2837 ex
661 2798 745 2838 monte
768 2791 877 2856 Taygeto
897 2780 971 2858 quast
997 2787 1091 2840 caronis
1117 2783 1265 2842 locutione,
1285 2784 1388 2840 montis
1404 2782 1496 2857 'parth

466 2861 557 2931 puppis
583 2860 678 2932 avulfia
706 2860 751 2930 est,
778 2855 809 2915 ue
831 2861 910 2915 altera
928 2860 969 2915 illa
997 2880 1064 2937 quae
1079 2862 1191 2935 abrupta
1205 2852 1250 2920 est,
1271 2862 1359 2938 puppis
1375 2858 1496 2917 formam

471 2951 523 3006 pro
558 2935 722 2990 Glollematc
761 2937 812 2992 lint
839 2937 967 2992 habenda.
998 2938 1093 2995 tribuit
1124 2942 1165 2995 vit
1196 2937 1240 2994 ille
1265 2936 1494 3012 diligentissimua.

471 3010 582 3085 Nempe
598 3030 662 3068 enm
676 3016 780 3088 puppim
797 3032 848 3088 pto
866 3014 968 3069 montis
1000 3015 1104 3072 Dehoc
1114 3033 1199 3073 terrae
1212 3030 1301 3075 motu.
1314 3016 1362 3091 qui
1377 3015 1497 3091 contiffl't

395 3151 398 3155 A
469 3103 591 3144 extrema
611 3106 684 3164 parte
704 3088 876 3158 pshpogaada
893 3093 968 3147 dixe·
1002 3094 1174 3150 Archidamo
1182 3105 1319 3169 regnante,
1329 3092 1404 3166 plura
1412 3091 1496 3169 Jaaa.

449 3235 452 3246 Ι
469 3170 621 3233 ratCicer03
643 3169 754 3225 Librarii
768 3171 969 3227 transsationem
998 3171 1123 3247 Meursias
1134 3170 1211 3227 hhsc.
1221 3174 1319 3227 Lacon
1328 3172 1365 3234 11,
1374 3172 1496 3226 16.Dav.

468 3241 540 3330 bane
556 3244 602 3332 libi
620 3262 748 3319 putarunt
765 3248 968 3322 explicandam:
1020 3255 1054 3302 ‘a
1074 3249 1163 3331 Qaal
1177 3266 1238 3303 cam
1252 3246 1356 3304 vidisset
1373 3243 1496 3319 haustam

470 3337 518 3375 vrx
533 3339 606 3376 emm
629 3324 666 3377 est
681 3340 712 3379 ut
725 3326 866 3383 terfilihno
879 3328 968 3401 Scrip·
997 3344 1099 3398 aquam
1114 3329 1145 3382 ale
1155 3328 1218 3403 jugi
1233 3337 1319 3399 putea,
1333 3338 1420 3381 tettae
1435 3341 1497 3380 mo-

469 3399 525 3452 tori
540 3398 632 3455 odiosa
652 3420 760 3459 nouare
782 3403 913 3461 exciderit
927 3423 967 3459 re·
998 3416 1057 3460 tum
1088 3405 1156 3461 dixit
1181 3401 1300 3479 instare]
1336 3398 1431 3477 Vulgo
1468 3399 1496 3456 ui

468 3476 571 3549 piritio.
598 3480 683 3533 Porro
697 3478 730 3534 de
747 3500 775 3537 re
792 3481 848 3556 ipsa
863 3482 899 3537 fic
916 3482 969 3536 Pli-
998 3495 1184 3537 cam-rerrae
1202 3496 1302 3546 matur,
1320 3478 1363 3536 led
1381 3476 1435 3534 hoc
1479 3494 1496 3544 e

469 3553 527 3608 nius
544 3557 581 3610 ll.
593 3556 632 3610 N.
650 3554 695 3612 lib.
713 3558 751 3615 ΙΙ.
769 3558 795 3631 §.
817 3559 863 3617 81.
889 3565 968 3614 Prae·
999 3562 1160 3616 MSStotum
1175 3561 1245 3633 Reg.
1263 3562 1291 3616 &
1306 3554 1418 3613 cantab.
1433 3572 1496 3612 mu·

468 3629 542 3687 clara
556 3632 687 3709 quaedam
703 3635 746 3709 effe
763 3633 966 3702 &immortalis
998 3639 1132 3703 ravimus,
1159 3635 1222 3692 illud
1242 3649 1335 3691 autem
1358 3652 1393 3690 ex
1414 3627 1495 3689 Pariss

467 3708 494 3760 a'n
512 3729 539 3764 eo
556 3706 597 3783 (fi
613 3712 750 3783 caedimas)
769 3713 893 3769 divinitas
906 3725 964 3787 per·
998 3713 1095 3771 baillol.
1124 3718 1195 3791 Reg.
1216 3716 1244 3770 ἃ
1264 3709 1378 3768 Cantab.
1402 3712 1496 3766 Maxi-

466 3779 779 3844 hibeturAnaximandro
792 3789 888 3866 Milefia
904 3789 964 3868 Phy·
996 3810 1054 3846 mus
1086 3795 1174 3870 'Iprt'us
1213 3786 1280 3845 Diis.
1315 3806 1375 3845 xlx.
1407 3787 1434 3863 §.
1464 3801 1495 3861 5·

459 3856 529 3936 fico,
556 3882 635 3939 quem
648 3863 742 3940 ferunt
757 3869 965 3925 Lacedaemauiis
993 3862 1122 3944 diagrapha
1159 3857 1271 3937 anapia
1301 3860 1409 3937 Σαμίοις
1437 3883 1496 3940 προ·

465 3939 625 4015 praedixrffe,
640 3956 673 3996 ut
687 3941 819 3999 urbamac
834 3949 901 4001 talia
918 3965 964 4000 cu·
994 3948 1106 4017 spailart.
1141 3946 1238 4003 Plinius
1270 3947 1309 4002 N.
1330 3946 1367 4001 H.
1389 3939 1435 4001 lib.
1458 3935 1496 3999 11.

459 4013 695 4090 stadium-(nist
724 4020 843 4077 diversus
868 4023 923 4078 abit
949 4042 963 4078 a
995 4027 1020 4099 §.
1051 4026 1098 4082 81.
1147 4022 1301 4082 Pcrhibetur
1328 4018 1495 4095 Pherecydes

377 4148 379 4160 ,
468 4091 559 4180 diripio.
572 4091 660 4182 foel’an
676 4096 781 4172 reliquit
792 4100 964 4175 fastidirem)
976 4100 982 4184 Ι
994 4121 1109 4161 nauseo
1130 4121 1228 4175 nouae
1249 4120 1283 4159 ax
1304 4118 1399 4157 aureo
1418 4110 1494 4173 pm·

465 4169 560 4245 ,rapiare
575 4190 642 4228 emm
662 4190 765 4231 matiana
786 4194 882 4242 rarae.
901 4199 962 4238 cum
984 4177 1078 4259 feastffe
1103 4179 1138 4252 (b
1168 4180 1318 4258 praedixiffa
1346 4174 1384 4256 ibi
1408 4189 1498 4262 terrae¹

1381 4266 1500 4321 mommq
