3784 5084
662 525 907 612 ersart
969 467 1135 627 ζμ
1434 519 1464 630 3

375 687 620 792 degeneravit
639 687 857 766 Panaetius:
886 705 959 763 nec
978 701 1111 762 tamen
1130 683 1237 764 ausus
1258 686 1310 766 tii
1331 713 1397 770 ne·

376 826 466 905 gare
490 803 572 879 vim
595 798 665 876 effe
693 797 902 889 divinandi,
944 795 1009 878 sed
1029 789 1202 874 dubitate
1228 797 1265 876 se
1286 803 1397 882 dixit.

375 912 498 1020 Quod
520 911 576 987 illi
593 913 635 988 in
657 911 860 1012 aliquare,
879 900 1112 988 invitissimis
1131 907 1278 995 Stoicis,
1296 912 1398 991 Stoi·

376 1047 429 1101 co
454 1015 722 1114 facete'licuiu
752 1021 830 1098 *id
864 1043 935 1098 nos
962 1037 1006 1096 ut
1030 1020 1072 1097 in
1101 1021 1255 1119 reliquis
1286 1024 1399 1102 rebus

374 1133 571 1225 faciamus,
600 1157 621 1209 a
640 1133 777 1212 Stoicis
796 1155 879 1210 non
901 1131 1153 1210 concedetur?
1182 1129 1402 1233 praesertim

376 1269 471 1323 cum
497 1246 550 1335 id,
575 1245 623 1322 de
646 1267 726 1344 quo
748 1246 931 1322 Panaetio
955 1265 1041 1322 non
1061 1243 1207 1341 liquet,
1244 1245 1402 1348 reliquis

379 1356 551 1451 eiusdem
581 1355 797 1458 disciplinae
821 1354 910 1431 solis
935 1356 1021 1431 luce
1052 1353 1225 1430 videatur
1255 1358 1401 1438 clarius.

379 1468 456 1546 Sed
471 1467 563 1543 haec
583 1467 742 1567 quidem
764 1468 843 1542 laus
866 1463 1127 1552 Academias
1142 1463 1401 1568 praestantissi-
1461 1513 1464 1520 ·

380 1581 439 1655 mi
458 1576 678 1681 philosophi
699 1576 847 1669 judicio
866 1575 1145 1653 &testimonio
1165 1581 1402 1678 conprobata
1461 1671 1467 1680 Ι

379 1690 443 1767 est.
498 1690 675 1765 Etenim
699 1687 894 1766 nobismet
920 1681 1004 1790 ipsu
1024 1687 1289 1786 quaerentibus
1308 1693 1401 1791 quid
1438 1695 1466 1768 4

378 1797 424 1880 fit
445 1801 494 1877 de
513 1799 748 1878 divinatione
769 1799 1030 1894 judicandum,
1045 1797 1152 1897 quod
1168 1819 1190 1874 a
1204 1798 1403 1882 Carneade
1495 1807 1500 1816 '

379 1926 507 2002 multa
529 1929 696 2003 acute&
718 1925 870 2026 copiose
889 1941 1024 2002 contra
1046 1920 1197 2001 Stoicos
1220 1921 1406 2029 disputata

378 2041 480 2136 finti
521 2044 826 2148 verentibusque,
869 2071 919 2124 ne
941 2065 1088 2122 temere
1120 2048 1182 2124 vei
1205 2045 1330 2126 falsae·
1349 2054 1405 2130 rei

380 2172 442 2246 vel
462 2191 550 2248 non
576 2170 658 2248 satis
677 2171 854 2269 cognitae
879 2168 1148 2259 adsentiamur,
1185 2168 1407 2252 faciendum

381 2293 547 2386 videtur,
587 2313 630 2372 ut
652 2293 854 2394 diiigenter
879 2295 996 2369 etiam
1021 2311 1137 2393 atque
1158 2295 1275 2370 etiam
1298 2315 1404 2398 argu·

382 2433 515 2493 menta
537 2437 628 2492 cum
653 2417 884 2516 argumentis
908 2438 1196 2517 comparemus,
1218 2421 1294 2494 5ut
1317 2419 1407 2498 faci·

387 2561 468 2618 mus
490 2541 533 2618 in
555 2539 615 2618 his
635 2538 754 2623 tribus
780 2540 897 2632 libris,
931 2531 1062 2640 ‘quos
1085 2538 1133 2616 de
1156 2556 1291 2642 natura
1315 2539 1407 2620 deo·

1316 2677 1407 2732 tum

395 2803 733 2889 iissipiinas-legousravit
755 2814 877 2871 Panaeti·
901 2809 1035 2889 sssssiuust.
1080 2813 1159 2869 Hanc
1178 2823 1268 2869 autem
1292 2815 1411 2876 Panaetii

398 2892 439 2962 us]
463 2892 555 2970 Vulgo
571 2890 724 2968 principrbus
741 2896 795 2969 ejus
809 2893 877 2968 duci·
911 2888 987 2949 fuisse
1005 2902 1126 2946 mentem
1144 2887 1308 2958 confirmant
1323 2896 1406 2952 etiam

399 2965 476 3038 plinus.
524 2972 584 3028 Nos
606 2987 672 3026 vero
697 2967 747 3025 Pal.
769 2969 876 3025 secundi
913 2972 1036 3039 Diogenes
1045 2969 1166 3023 Laertius
1181 2964 1225 3023 lib.
1234 2986 1284 3024 sn.
1299 2970 1324 3044 §.
1341 2991 1405 3043 149.

401 3040 526 3104 leuiorem
543 3046 635 3105 sumus
651 3045 776 3121 amplexi,
796 3064 876 3123 quam
913 3042 1113 3119 &Epiphanius
1129 3045 1213 3102 Tom.
1231 3046 1253 3101 1.
1276 3064 1303 3121 p.
1323 3067 1406 3122 ¹³90·

404 3117 517 3182 clariorem
530 3128 709 3201 verioremque
724 3124 824 3180 metito
836 3123 878 3199 ju·
913 3123 993 3179 idem.

406 3194 482 3257 dicavit
496 3195 638 3272 ursitum,-
672 3218 725 3276 ego
744 3198 803 3256 sanc
818 3219 877 3256 eam
950 3219 970 3271 4
985 3199 1018 3255 sd
1034 3219 1076 3255 uos
1091 3213 1123 3255 ut
1145 3201 1171 3254 iu
1186 3197 1289 3276 reliquis
1307 3199 1411 3280 rebus]

406 3275 527 3336 certissime
536 3290 628 3335 veram
640 3279 800 3353 pronuncio.
820 3279 879 3333 No-
915 3276 1058 3333 ousiosis
1076 3277 1152 3341 nobis,
1172 3279 1199 3332 iu
1214 3277 1319 3354 reliquis
1334 3280 1408 3336 rebus

408 3345 637 3413 irrisionum.
656 3361 684 3412 c.
699 3373 750 3426 47.
790 3353 878 3437 Quas
906 3355 1055 3431 jaciamus,
1078 3375 1096 3410 u
1118 3357 1207 3410 Stoicis
1229 3373 1277 3410 nou
1295 3360 1410 3414 concesse·

410 3439 518 3491 structus
533 3436 674 3489 Stoicorum
688 3435 830 3488 Panaetius
841 3434 877 3488 di·
915 3442 980 3487 turi
1014 3431 1087 3508 quod
1108 3429 1179 3487 mihi
1201 3431 1296 3507 placet:
1327 3438 1354 3491 bc
1375 3436 1413 3492 ira

409 3507 466 3562 tuit.
509 3509 586 3566 Idem
610 3511 693 3567 Acad.
716 3508 762 3564 lib.
785 3511 822 3565 Ii.
852 3529 877 3567 c.
915 3507 1075 3571 Lambinus,
1110 3508 1163 3565 sola
1182 3508 1338 3583 conjesiura
1359 3511 1410 3568 du·

410 3592 443 3649 33·
459 3591 522 3642 Cum
536 3590 677 3645 Panaetius
694 3604 879 3644 rusucurs
915 3587 984 3647 iius,
1006 3585 1114 3641 rescribi
1130 3586 1223 3643 voluit.
1260 3585 1342 3641 idem.

408 3663 468 3729 istit,
483 3683 536 3721 meo
551 3665 654 3741 quidem
677 3664 771 3727 'usis'cs's¹
787 3666 879 3720 Stoico·
953 3667 1027 3738 5Ut
1051 3662 1186 3735 facimus]
1216 3664 1260 3719 Sic
1279 3661 1358 3721 Paris.
1383 3669 1411 3726 ὃς
1500 3659 1557 3734 ,EQ

410 3747 461 3799 sum,
477 3760 506 3795 ess
522 3743 552 3798 ds
568 3761 597 3798 rs
617 3685 738 3797 dubitare
751 3742 780 3815 se
800 3742 878 3805 sicas,
917 3741 991 3798 Med.
1009 3739 1101 3816 Vulgo
1107 3743 1230 3816 fecimus.
1269 3739 1357 3798 Idem.

410 3824 470 3881 quum
489 3837 572 3874 omues
593 3832 698 3894 praetor
718 3836 778 3873 sum
804 3821 880 3874 Stoici
953 3821 970 3872 6
1002 3817 1085 3898 Qus
1108 3818 1138 3872 de
1166 3831 1266 3875 natura
1295 3824 1414 3878 Deorum

410 3892 544 3962 ursiffimam
564 3908 671 3970 putant,
692 3913 759 3952 uera
775 3894 818 3969 effe
834 3894 879 3950 ha·
916 3893 1093 3970 scripsimus]
1123 3897 1150 3950 S·
1174 3896 1296 3952 ViCtoris
1317 3893 1419 3956 Codex*

411 3962 520 4038 ruspicum
537 3975 649 4048 atsspisia
667 3976 747 4046 (Leg.
764 3970 879 4046 isursuspi·
914 3971 1133 4047 praescripsimus,
1162 3972 1235 4028 unde
1256 3970 1412 4030 Gulielmius

410 4042 467 4109 sium,
485 4051 618 4125 auspiciu)
641 4049 758 4112 aracusa,
768 4050 879 4124 firmatio,
917 4049 1030 4104 snulebat
1063 4046 1263 4124 pauserippiinusj
1289 4049 1353 4107 ¹sed
1377 4065 1412 4106 cx

408 4124 597 4192 astisinatisuss,
619 4127 699 4205 sique
723 4125 758 4184 ab
786 4126 879 4205 affluis
917 4128 1000 4185 unico
1015 4124 1170 4204 exemphri,
1185 4145 1272 4204 coque
1286 4143 1345 4212 nou·
1360 4141 1411 4199 op·

1325 4217 1408 4260 118}ae
