3784 5084
484 535 564 632 '³32
605 534 880 613 Hunnraur
909 534 1160 610 Tunrtrur
1185 528 1505 617 Commentarius

477 682 592 760 ‚ratisque
609 682 761 740 libertatern
775 680 924 742 retinentis,
949 684 976 739 δι
990 697 1088 737 eorum
1106 679 1154 758 qui
1167 678 1255 741 sctum
1274 694 1384 759 negant,
1400 694 1433 741 ut
1452 702 1500 748 eos

474 761 648 895 terbisspon
662 779 691 848 re
707 760 829 819 dissidere
849 757 959 815 doceat:
976 756 1056 840 'quod
1075 756 1257 838 consequitur,
1276 756 1410 838 explicata
1428 762 1497 819 utri,

475 856 494 903 n
526 856 560 895 ue
601 852 712 896 ntentra.

496 837 575 972 1ἱὲἲπο
584 914 674 994 fieri]
706 913 755 971 Sed
771 911 864 971 liberas
885 914 946 971 ess'e.

509 992 673 1067 Assaraco]
702 994 769 1057 Non
782 992 857 1048 enim
874 1004 983 1049 tanturn
998 988 1094 1052 verbis,
1110 989 1154 1054 sed
1169 1009 1200 1048 re
1213 990 1297 1048 etiam
1316 989 1493 1053 dissentirent,

473 1068 494 1129 fi
515 1088 686 1148 praecurrere
699 1067 788 1125 visum
803 1081 942 1145 negarent,
969 1073 997 1128 dc
1016 1084 1032 1123 a
1048 1066 1075 1126 se
1091 1069 1215 1127 animum
1236 1065 1320 1125 libere
1334 1068 1389 1128 srne
1405 1067 1495 1146 specie

471 1145 560 1211 oblata
575 1148 680 1204 moveri
695 1146 826 1210 dicerent.

508 1232 578 1280 Eam
596 1223 728 1300 caufflm]
753 1224 909 1282 Proximam
928 1227 956 1284 δι
971 1225 1169 1283 continentem,

469 1298 768 1443 ιῑῖῐτέῒσωηὲψη]
792 1301 876 1381 Quod
890 1300 974 1365 fieret,
1004 1303 1023 1360 fi
1047 1304 1123 1361 causa
1147 1300 1286 1361 necessaria
1305 1305 1333 1362 δι
1359 1301 1496 1383 principa*

492 1397 539 1437 se
587 1420 596 1436 .

506 1454 552 1513 Ab
569 1455 656 1513 hoedi
674 1455 799 1529 eutiuut]
823 1457 879 1533 Qui
898 1454 954 1514 sato
969 1456 1026 1515 fieri
1042 1457 1137 1516 omnia
1149 1471 1260 1535 negant.

505 1533 634 1616 Ejusmodi
696 1531 862 1609 Cujusmodi
884 1532 971 1591 fatum
999 1534 1168 1613 Chrysrppus
1196 1536 1289 1611 ponit:
1334 1546 1431 1597 contra
1451 1547 1491 1591 ta-

467 1628 534 1746 ppen
552 1611 681 1669 omnium
702 1610 878 1673 sententiam,
905 1615 934 1671 δε
954 1627 1123 1690 anteceptam
1147 1612 1241 1669 animo
1265 1609 1488 1685 informationem

498 1689 529 1746 ti.
950 1701 953 1706 s

468 1764 695 1905 adcurruntque]
723 1766 836 1851 Repetit
856 1765 1060 1835 distindtioncm
1085 1764 1225 1826 causarum
1249 1763 1491 1843 principalium&

516 1851 667 1903 uvantrum.
1466 1877 1470 1883 ·

474 1904 479 1913 ¹
501 1864 709 1998 liasfatosserr']
731 1918 884 2003 Disputatio
899 1918 933 1977 de
947 1919 1078 1979 vocabulo
1091 1922 1138 1984 est,
1155 1922 1220 2002 quid
1233 1918 1318 1985 fatum
1336 1919 1378 1987 fit.
1415 1920 1491 1984 Nam

469 1995 509 2058 hi,
534 2000 582 2075 qui
599 1999 656 2053 sato
674 1998 767 2053 omnia
786 1996 844 2053 fieri
862 2010 971 2074 negant,
994 1996 1083 2057 fatum
1096 2003 1203 2057 tantu'm
1223 2009 1331 2074 ponunt
1344 1997 1374 2053 in
1389 1997 1492 2074 princi,

468 2072 614 2155 palibus&
627 2073 774 2129 necessariis
789 2073 886 2131 causrs:
933 2094 981 2132 uae
1001 2076 1114 2153 quidem
1134 2077 1182 2133 lati
1204 2093 1266 2141 vera
1279 2074 1318 2130 est
1336 2076 1424 2138 notio,
1446 2072 1492 2131 cui

467 2152 528 2209 rim
548 2147 626 2208 affert
650 2150 833 2227 Chrysippus,
857 2164 888 2208 ut
908 2095 1009 2231 liquid
1032 2153 1061 2210 in
1082 2154 1171 2212 nostra
1193 2151 1322 2229 potestate
1343 2150 1491 2227 relinquatz,

469 2246 533 2300 narn
559 2241 654 2286 contra
673 2230 800 2285 omnium
824 2227 984 2296 sententiam
1006 2227 1093 2288 fatum
1117 2231 1267 2296 necessitate
1290 2226 1398 2291 liberat,
1422 2231 1450 2287 ὃ(
1463 2228 1492 2294 in

468 2305 664 2387 praegressione
679 2303 818 2363 caufirum
837 2305 1025 2381 adjuvantium
1048 2307 1136 2385 ponit,
1173 2311 1273 2385 lnquo
1292 2303 1326 2361 ab
1339 2303 1492 2363 Alexandro

359 2452 361 2456 ,
468 2383 686 2466 reprehenditur.

505 2459 551 2517 Ab
568 2462 599 2516 iis
612 2459 728 2537 fluum]
757 2460 789 2524 ln
806 2457 903 2542 quibus
920 2473 1017 2521 tamen
1033 2481 1048 2519 a
1067 2461 1222 2539 Chrysippo
1235 2460 1317 2518 etiam
1336 2457 1424 2519 fatum
1441 2479 1492 2534 poa

468 2537 552 2595 nitur.
588 2537 691 2594 Docuit
712 2555 780 2615 ergo
800 2536 878 2611 paulo
893 2553 956 2595 ante
974 2542 1076 2598 Cicero
1090 2541 1285 2617 Chrysrppum,
1308 2537 1377 2596 dum
1393 2535 1425 2593 ali
1445 2535 1492 2605 uid

470 2616 500 2686 ira
521 2614 610 2671 nostra
623 2614 751 2690 potestate
766 2612 901 2687 relinquit,
923 2615 952 2672 in
974 2635 1074 2674 eorum
1095 2615 1254 2675 sententiam
1272 2613 1322 2672 csle
1342 2558 1490 2689 delapldrm,

466 2692 514 2775 qui
528 2691 621 2747 omnia
639 2690 696 2749 fato
714 2693 772 2749 fleri
788 2704 896 2768 negant.
934 2695 1000 2751 Mox
1020 2694 1171 2771 Epicurum
1187 2694 1259 2750 dicet
1273 2690 1359 2757 fatum
1376 2692 1431 2750 fiue
1445 2710 1492 2750 ne-¹

469 2768 586 2825 cessrtate
601 2768 673 2845 sequi
717 2772 789 2826 otius
807 2767 932 2833 debuisse,
951 2790 1036 2848 quarn
1056 2772 1263 2837 commentitios
1281 2783 1373 2827 motus
1388 2764 1490 2826 afferre.

467 2846 542 2923 Nam
559 2849 597 2902 ita
613 2789 757 2913 defendere
781 2844 866 2921 poss'ct
879 2852 1021 2976 cpuendam
1039 2847 1090 2906 esic
1108 2849 1193 2912 animi
1212 2862 1323 2905 motum
1345 2845 1492 2913 voluntari·

467 2942 526 2991 um,
546 2924 565 2980 li
580 2923 608 2984 in
625 2924 680 2979 into
695 2922 830 2981 necessitas
845 2923 915 2979 nula
932 2924 1004 2982 esset.

478 2999 481 3006 '
503 3000 588 3066 Car,
604 3002 669 3057 XX.
690 3000 867 3077 Errantr'burj
901 3003 968 3059 Non
985 3004 1063 3069 reste
1077 3000 1234 3072 cadentibus
1253 3001 1282 3064 in
1299 3018 1437 3076 praeceps.

501 3080 614 3155 lnquit]
638 3079 781 3154 Epicurus.

501 3154 650 3234 Primum]
679 3157 707 3213 Si
721 3156 863 3214 declinatio
878 3167 971 3214 motus
988 3157 1030 3215 est
1042 3167 1210 3218 atomorum,
1233 3173 1283 3215 cur
1300 3153 1365 3226 alius
1379 3153 1418 3210 eis
1433 3157 1461 3222 dc
1477 3173 1495 3226 a
1565 3165 1571 3176 ·

466 3232 640 3313 Democrito,
661 3237 689 3291 δι
713 3252 728 3290 a
750 3248 777 3298 te
798 3247 891 3310 motus
910 3234 1059 3292 tribuitur?
1084 3252 1100 3291 a
1123 3234 1287 3292 Democrito
1307 3230 1408 3309 plagae,
1430 3250 1445 3287 a
1464 3246 1493 3288 te

465 3309 612 3386 ponderis?
638 3308 798 3369 Plutarchus
820 3310 875 3386 [de
890 3311 982 3369 Placit.
996 3310 1098 3371 lihilos.
1119 3314 1142 3374 1,
1162 3312 1228 3387 23.]
1250 3300 1435 3382 donumdei·
1454 3305 1494 3380 ν’·

463 3408 499 3449 aas
515 3382 675 3451 τῖςκυῆπος
691 3383 722 3441 el
741 3381 814 3442 tucia
830 3387 937 3456 annuit.
975 3388 1055 3460 lt'lem
1072 3390 1155 3447 etlam
1172 3387 1258 3446 fatum
1275 3386 1400 3463 ponebat.
1437 3387 1494 3444 Au·

462 3466 524 3523 dior
541 3463 701 3524 Plutarchus
718 3468 748 3524 in
762 3467 832 3545 Cap,
851 3468 887 3527 de
900 3466 1062 3525 necessitate.
1099 3468 1162 3541 [De
1177 3465 1245 3539 Plac.
1261 3463 1360 3523 Philos.
1376 3467 1399 3527 I,
1422 3482 1437 3518 2
1442 3464 1493 3546 5.]

461 3544 537 3600 Hinc
552 3545 636 3602 etiam
658 3546 765 3621 optime
788 3544 917 3621 explicari
935 3543 1026 3619 potest
1051 3543 1128 3602 iocus
1148 3543 1278 3619 superior,
1301 3561 1357 3621 quo
1380 3556 1493 3599 motum

445 3634 447 3640 ·
460 3620 596 3699 quendam
614 3624 681 3679 oriri
696 3621 806 3695 dicebat
820 3636 895 3681 extra
911 3620 1020 3699 pondus
1035 3626 1064 3696 dc
1077 3620 1199 3699 plagam:
1214 3635 1246 3679 ut
1261 3618 1369 3696 pondus
1382 3637 1416 3675 ex
1429 3619 1496 3694 Epi·

460 3697 520 3753 c‘uri
537 3697 666 3757 sententia
680 3700 790 3759 distorta
813 3703 853 3761 srt,
881 3699 966 3776 plaga,
990 3700 1162 3756 Democriti:
1187 3716 1268 3776 quem
1291 3707 1383 3753 tamen
1398 3696 1494 3760 locunt

458 3773 540 3852 paulo
554 3776 630 3840 aliter
643 3796 676 3834 err
694 3776 840 3836 Plutarcho
855 3777 914 3835 sum
932 3780 1134 3853 interpretatus.

495 3852 626 3933 Minimo]
644 3856 726 3926 Quoi
740 3856 886 3933 appellavit
904 3855 1047 3930 Epicurus,
1063 3869 1095 3911 ut
1110 3854 1146 3911 ait
1160 3866 1235 3910 antea
1249 3851 1356 3913 Cicero,
1372 3844 1494 3922 ε’λάχιςυ.

494 3927 621 4004 Duobus]
645 3934 777 3989 Minimis:
794 3932 944 3990 intervallis.

493 4013 594 4081 Optare
614 4006 675 4082 hoc]
693 4010 853 4069 Voluntatis
866 4009 979 4085 alicujus
995 4012 1023 4067 ὃ(
1038 4009 1124 4084 optati
1139 4008 1229 4083 potius
1243 4003 1297 4063 hoc
1312 4004 1363 4062 effe
1379 4003 1495 4069 videtur,

453 4101 539 4163 quarn
558 4083 747 4168 disputationis
774 4087 966 4169 &domninae
1003 4089 1090 4169 §icero
1112 4088 1141 4143 in
1159 4082 1272 4172 pusulo
1287 4085 1327 4161 [c.
1345 4081 1406 4162 33]
1421 4089 1497 4176 suga,

721 4163 1175 4183 ·’
1402 4165 1495 4238 aa
