3784 5084
441 524 494 605 Iu
518 523 814 604 creaioris
843 517 1004 600 Librum
1027 524 1100 603 Da
1125 526 1280 635 Fauo,
1335 552 1416 625 327

437 673 485 727 Cu
495 690 520 727 e.
534 672 627 728 xlv„
636 669 782 726 camenas
792 664 903 747 genus]
922 668 1071 728 Carneades
1087 670 1210 728 instituto
1225 686 1363 726 novorum
1378 669 1416 723 A·

400 750 603 807 eademicorum
619 748 647 804 in
664 749 770 804 Stoicos
783 744 948 821 disputabat:
975 745 1019 803 sed
1035 749 1064 803 in
1078 750 1283 824 oppugnatione
1297 744 1343 802 fati
1360 762 1417 801 non

399 825 530 905 probabat
546 825 671 903 ignavam
687 825 830 887 rationem,
846 828 874 880 Sc
890 824 995 879 Stoicos
1010 823 1063 881 alio
1074 839 1237 901 argumento
1252 821 1400 899 premebat.

440 900 592 959 Adhibebat
615 900 806 979 calumniam]
830 902 905 957 Nam
924 902 1015 975 captio
1035 907 1063 961 St
1084 904 1216 959 calumnia
1237 901 1302 957 inest
1326 901 1356 956 in
1376 916 1418 955 ra·

405 979 506 1038 tionei
561 999 602 1037 ra.

439 1064 507 1114 canc
518 1054 590 1133 asta]
615 1055 832 1133 Argumentatio.

437 1133 675 1207 Antecedentibus]
709 1128 899 1207 sseaarvtvt'ms
912 1128 1005 1194 desere.
1362 1191 1363 1194 Ἴ

437 1214 563 1345 l(p'aerserte,
577 1214 765 1289 contexteque]
793 1208 928 1269 Naturalis
941 1210 1072 1289 quaedam
1086 1210 1276 1271 estcaubrum
1292 1210 1369 1268 series
1390 1208 1418 1265 St
1447 1211 1450 1217 ’

403 1307 465 1346 (01
501 1303 551 1346 tro.

440 1308 565 1440 lagsrastra
582 1363 724 1441 potestate]
755 1366 837 1445 Qrod
853 1364 894 1431 ip'
906 1363 964 1436 ipa
982 1365 1085 1424 dicunt.

438 1452 494 1499 Hac
508 1441 631 1520 arelius]
655 1446 727 1498 Haec
740 1447 808 1499 ratio
823 1447 851 1502 Sc
870 1442 1005 1503 conclufio
1019 1442 1169 1502 firmissima
1182 1443 1229 1501 cll.
1264 1441 1388 1499 Dubium
1403 1452 1418 1495 a

402 1519 517 1577 fascibus
536 1520 585 1598 qui
599 1519 712 1575 vinculis
726 1520 918 1597 astringuntur.

440 1596 562 1673 Referre]
589 1600 622 1654 In
640 1615 690 1653 nos
706 1598 816 1670 rejicere
833 1602 859 1655 &
875 1610 1040 1676 retorquere,
1055 1598 1102 1676 qui
1117 1595 1204 1654 fatum
1220 1613 1364 1671 negamus:
1392 1593 1420 1649 δι

403 1690 495 1734 tarnerr
511 1673 758 1733 immutabilitatem
778 1676 806 1730 in
826 1675 923 1733 futuris
937 1674 1055 1743 dicimus
1068 1694 1102 1732 ex
1117 1675 1234 1730 Diodori
1247 1672 1384 1728 sententia

442 1750 518 1807 Nihil
538 1752 631 1826 dicat]
654 1752 724 1807 Norr
744 1753 819 1808 enim
842 1754 961 1827 partium
978 1752 1118 1809 necessaria
1139 1750 1222 1808 fuerit
1243 1748 1379 1825 colligatio
1392 1748 1420 1802 bt

403 1828 483 1892 sterias
499 1827 647 1891 caufirum,
671 1829 692 1885 fi
707 1847 792 1887 omne
805 1826 930 1889 futurum
944 1848 981 1887 ex
995 1832 1151 1887 aeternitate
1173 1845 1268 1885 vetum
1289 1826 1330 1890 sit,
1352 1839 1419 1883 eum

402 1907 457 1965 fine
471 1908 552 1965 caufis
566 1906 712 1963 necessariis
726 1911 754 1965 δι
768 1909 921 1985 antegressis
934 1926 1031 1966 vetum
1048 1907 1100 1965 effe
1115 1905 1205 1983 possit.

437 1982 602 2057 Naturalis]
633 1987 674 2041 Ut
691 1983 749 2040 vult
761 1986 936 2064 Chryfippus‚
951 1984 1096 2043 Diodoreis
1113 1980 1335 2061 repugnantibus.

442 2069 536 2141 Itaque
552 2060 676 2137 dicebat]
704 2062 819 2120 Diodoti
835 2064 965 2122 sententia
979 2059 1036 2129 met
1053 2057 1159 2116 devereb
1173 2058 1296 2118 adversus
1316 2056 1422 2113 Stoicos
1507 2101 1517 2122 ,

402 2139 547 2202 utebantur
561 2139 726 2203 Academici,
743 2154 775 2195 ut
789 2160 850 2198 vera
863 2160 897 2199 cx
916 2143 1072 2199 aeternitate
1086 2140 1176 2198 futura
1189 2139 1279 2201 efflent,
1308 2136 1362 2193 line
1375 2152 1422 2189 na·

402 2217 529 2272 curalium
553 2214 692 2272 causarum
713 2218 903 2275 antecessione:
931 2236 963 2274 ac
983 2218 1097 2293 proinde
1116 2215 1263 2271 Carneades
1278 2210 1423 2269 divinatio·

403 2312 469 2349 nem
486 2292 537 2349 effe
558 2292 671 2369 negabat
692 2292 778 2367 polit,
799 2297 848 2351 etti
871 2292 1074 2353 immutabilitas
1090 2296 1119 2351 in
1134 2292 1290 2350 futurorum
1311 2299 1423 2345 ueritate

407 2370 479 2433 esset,
495 2370 544 2426 nisi
557 2371 585 2426 in
603 2372 635 2427 iis
649 2389 716 2448 quae
733 2372 893 2429 naturalibus
910 2377 937 2431 ὅ(
953 2371 1099 2429 necessariis
1114 2370 1195 2427 causis
1210 2369 1423 2424 continerentur.

440 2446 601 2503 Marcellum
619 2448 704 2529 eam]
728 2451 815 2505 Cicera
833 2449 868 2506 de
888 2451 1062 2507 Divinatione
1086 2445 1152 2524 [lib.
1166 2449 1203 2503 ΙΙ.
1218 2463 1244 2501 c.
1260 2442 1314 2523 5.]
1350 2446 1387 2497 Ut
1397 2436 1425 2510 [ἶ

406 2527 464 2601 quis
476 2532 516 2581 M.
530 2524 688 2581 Marcellam
703 2524 787 2589 illum,
804 2530 905 2603 quiret
920 2526 1005 2603 constes
1018 2527 1084 2602 suit,
1107 2524 1199 2580 maltis
1213 2524 1287 2578 annis
1305 2532 1367 2599 pate
1382 2517 1422 2573 ar·-

408 2602 481 2677 xrffet
494 2600 630 2677 naufragio
646 2604 689 2677 effe
701 2607 862 2676 perituram,
884 2605 1019 2681 divinaffet
1031 2601 1145 2681 professe.
1184 2603 1219 2657 Et
1240 2600 1270 2656 in
1285 2597 1420 2657 Pisonem,

402 2676 487 2753 [cap.
502 2681 607 2756 xlxjj
634 2688 674 2735 M.
695 2680 845 2742 Marcellus,
869 2684 915 2757 qui
936 2696 978 2737 ter
994 2683 1077 2757 constal
1089 2680 1156 2757 fuit,
1171 2681 1280 2754 stamma
1301 2677 1421 2737 vitute,

402 2760 510 2831 pietate.
530 2755 615 2829 gloria
637 2755 756 2816 militari,
777 2762 854 2834 petiit
873 2764 899 2813 in
921 2763 1000 2816 mati.
1043 2760 1104 2815 Fuit
1128 2772 1230 2814 antem,
1253 2767 1285 2810 ut
1299 2752 1422 2829 Ascanius

404 2834 451 2895 ait,
472 2852 557 2908 nepos
572 2834 640 2892 illius
657 2834 783 2900 Marcelli,
803 2837 849 2913 qui
864 2836 1002 2912 Syracusas
1022 2839 1095 2910 cepit
1141 2838 1166 2891 Is
1181 2829 1322 2907 naufragio
1337 2827 1370 2885 ad
1383 2828 1423 2883 A·

404 2911 501 2972 fricam
519 2912 599 2985 periit
612 2911 691 2986 paulo
706 2926 766 2967 ante
781 2914 893 2974 tertium
910 2917 1044 2971 Punicum
1061 2911 1169 2969 bellum.

439 2995 482 3041 Ex
498 2988 677 3060 aeternitate]
704 2991 743 3045 Ex
758 2989 865 3046 infinito
882 2995 910 3049 δι
930 3007 1039 3049 aeterno
1054 3004 1188 3064 tempore.

439 3063 566 3137 Vestigia]
590 3068 622 3120 In
637 3064 734 3142 quibus
751 3067 904 3125 admonitio
924 3068 988 3126 esset
1005 3069 1150 3142 praeteriti.

441 3141 512 3221 ‚Quo
525 3144 611 3197 minue
617 3140 732 3218 flatura]
758 3144 877 3220 Apollini
893 3161 957 3203 nota
972 3144 1034 3209 effe,
1048 3147 1094 3204 cui
1107 3162 1142 3201 ne
1158 3141 1299 3219 praeterita
1311 3136 1423 3220 quidem
1454 3179 1457 3198 .

404 3221 539 3277 uotafint.

438 3297 503 3372 Poffe
517 3297 644 3374 denique]
671 3296 746 3356 Posse
770 3314 832 3356 tum
851 3298 976 3358 demum.
1274 3314 1276 3318 ’

441 3374 528 3429 Cae.
547 3376 612 3432 XV.
633 3375 795 3459 Qeta'tca]
818 3375 931 3455 Colligit
954 3376 1047 3435 omnia
1067 3374 1118 3433 eise
1132 3375 1299 3454 expeditiora
1319 3375 1347 3429 &
1360 3368 1426 3427 libe·

408 3452 481 3509 riora
494 3451 640 3511 Diodoreis
653 3472 735 3532 quarn
753 3455 858 3523 Stoicis,
874 3459 902 3514 &
916 3473 1015 3513 eorum
1030 3453 1171 3512 sententias
1185 3454 1261 3511 valde
1274 3449 1427 3523 discrepan-

407 3544 448 3584 tes
462 3528 527 3584 effe:
557 3547 622 3607 quar
643 3545 734 3587 tamen
775 3532 889 3609 uispiam
909 3532 1015 3590 fortasse
1037 3531 1141 3589 easdem
1165 3531 1229 3589 falso
1244 3527 1295 3584 else
1311 3539 1427 3602 putaret,

408 3610 437 3668 δι
451 3604 574 3663 nonnulli
588 3608 673 3665 Stoici
686 3606 770 3664 clama
802 3625 842 3667 nt.
878 3612 946 3669 Non
959 3612 1034 3668 enim
1048 3608 1150 3667 necesse
1165 3608 1203 3665 est
1216 3603 1341 3664 Diodoro
1356 3600 1427 3657 diri·

405 3684 545 3816 spationerln
565 3687 594 3741 bt
613 3684 720 3743 oracula
738 3688 896 3763 approbare:
937 3687 1039 3748 necesse
1059 3688 1098 3745 est
1118 3686 1229 3751 Stoicis,
1253 3682 1274 3742 fi
1295 3679 1343 3738 fibi
1358 3696 1425 3735 con·

402 3783 404 3787 ·
431 3779 475 3815 are
490 3774 584 3821 vernt.

448 3841 483 3892 lis
498 3840 612 3913 autem]
635 3839 788 3899 Diodoreis.

444 3916 482 3969 Hi
498 3916 586 3988 enim]
616 3918 710 3974 Stoici.
932 3973 940 3990 ,

446 3990 577 4068 Illarum]
611 3994 824 4061 Diodoreorum,
848 3999 896 4077 qui
911 3998 966 4056 fine
981 3995 1121 4059 musarum
1142 3993 1319 4058 antecessione
1337 3988 1428 4048 sutum

410 4085 444 4135 ex
458 4083 569 4143 aeterua
583 4084 709 4164 ternpore
723 4092 785 4141 uera
798 4074 850 4135 else
866 4076 971 4133 dicunt.

892 4153 954 4228 Xe
1348 4137 1438 4223 Μ
