3784 5084
596 553 842 666 erarrn
896 557 927 650 1,
960 580 1021 648 32,
1054 524 1115 651 33·
1394 578 1457 648 751

364 707 579 815 appetitum
602 708 752 805 habeat,
781 731 864 787 non
885 706 955 785 effe
977 709 1024 785 ab
1044 710 1193 789 anione
1218 718 1391 816 eorporis

364 819 596 925 seiugatam:
625 845 723 922 quae
744 840 873 900 autern
897 842 981 920 pars
1002 824 1136 913 animi,
1164 825 1389 904 rationisat.

365 955 443 1031 que
460 935 745 1035 intellegentiae
764 928 808 1009 fit
821 934 1016 1035 particeps,
1044 955 1129 1010 earn
1150 951 1236 1011 turn
1259 959 1389 1017 maru.

367 1067 432 1119 me
470 1047 598 1147 vigere
641 1068 731 1122 curn
771 1044 982 1148 plurimum
1031 1040 1121 1122 absit
1153 1068 1174 1122 a
1211 1070 1385 1149 corpore.

304 1219 306 1222 .
363 1154 512 1255 itaque,
536 1150 711 1259 expositis
736 1156 919 1256 exemplis
950 1177 1124 1233 verarum
1149 1160 1389 1237 vaticinatio-

366 1289 466 1344 num
489 1270 528 1343 &
558 1268 815 1350 somniorum,
840 1266 1163 1368 Cratippussoler
1195 1272 1390 1353 rationem

366 1377 601 1456 concludere
632 1378 710 1461 hoc
745 1378 889 1457 modo:
924 1378 1007 1454 “Si
1040 1371 1118 1455 fine
1150 1382 1272 1457 oculis
1303 1408 1389 1464 non

368 1488 532 1589 “potest
559 1509 684 1568 extare
715 1484 891 1568 officium
924 1492 963 1566 δι
988 1511 1128 1565 munus
1154 1493 1388 1583 oculorum3

367 1608 394 1643 “
410 1599 563 1700 poffunt
588 1621 716 1681 autern
734 1600 940 1702 aliquando
961 1601 1064 1676 oculi
1090 1624 1173 1677 non
1193 1599 1302 1703 fungi
1321 1607 1390 1682 suo

366 1718 394 1754 “
408 1734 594 1791 munere:
629 1715 698 1813 qui
718 1714 778 1792 vel
802 1712 920 1790 semel
942 1713 994 1788 ita
1014 1709 1065 1787 est
1088 1709 1175 1787 usus
1198 1716 1319 1789 oculis
1346 1734 1389 1792 ut

366 1825 499 1899 “vera
534 1844 727 1912 cerneret3
764 1826 807 1900 is
850 1820 963 1900 habet
999 1820 1150 1899 sensum
1182 1824 1389 1912 oculorum

368 1940 498 2011 “vera
525 1938 779 2016 cernentium.
835 1934 933 2011 Item
968 1935 1097 2037 igitur,
1130 1927 1259 2013 sifine
1294 1936 1390 2015 divi·

367 2047 569 2133 “natione
590 2060 613 2103 ⁴
626 2070 709 2125 non
728 2044 848 2149 potest
869 2037 1047 2124 officium
1071 2049 1110 2123 ὅ(
1130 2067 1270 2124 munus
1295 2048 1390 2126 divi-

367 2159 578 2234 “nationis
602 2177 750 2246 enarer
780 2156 902 2260 potest
931 2177 1062 2235 autem
1081 2158 1181 2256 quis,
1220 2181 1312 2235 curn
1335 2160 1393 2237 di.

366 2274 396 2312 “
411 2270 653 2356 vinationem
679 2268 829 2359 habeat,
849 2289 972 2347 errare
994 2266 1212 2367 aliquand0‚
1236 2292 1309 2347 nec
1328 2293 1390 2346 ve-

366 2385 396 2425 “
410 2401 648 2469 racernere:
670 2380 759 2458 ‘satis
778 2379 829 2456 est
849 2382 897 2457 ad
921 2376 1226 2457 confirmandam
1247 2380 1391 2460 divina

367 2492 396 2546 ζ’
411 2489 576 2572 tionem,
610 2488 726 2570 semel
753 2492 896 2591 aliquid
931 2490 1001 2567 effe
1031 2493 1082 2564 ita
1107 2487 1323 2566 divinatum
1349 2507 1392 2567 ut

368 2600 508 2681 “nihil
531 2600 693 2681 fortuito
714 2602 882 2697 cecidisse
914 2600 1108 2679 videatur:
1145 2595 1232 2682 sunt
1263 2618 1394 2677 autem

369 2715 491 2808 “eius
513 2716 661 2816 generis
693 2714 1012 2793 innumerabilia:
1056 2707 1127 2787 effe
1164 2710 1279 2814 Igitur
1298 2712 1394 2789 divi·

338 2831 397 2905 .'“
409 2826 612 2910 nationem
649 2820 915 2903 confitendum
948 2822 1010 2901 est.
1067 2826 1175 2925 Quae
1214 2846 1306 2899 vero
1328 2841 1391 2902 aut
1410 2844 1453 2919 31

367 2936 586 3032 conjeiiura
610 2939 857 3039 explicantur,
880 2955 945 3012 aut
972 2936 1116 3020 eventis
1139 2928 1397 3017 animadversa
1451 2938 1454 2947 '

367 3069 412 3130 ac
425 3065 562 3125 notata
580 3049 680 3129 sunt.
708 3070 751 3126 ea
790 3070 929 3148 genera
960 3045 1170 3126 divinandi,
1209 3064 1252 3120 ut
1286 3043 1396 3147 supra

368 3159 471 3249 dixi,
506 3180 590 3248 non
623 3159 819 3244 naturalia,
853 3158 918 3241 sed
953 3153 1149 3239 artificiosa
1185 3155 1393 3242 dicuntur:

1333 3272 1363 3345 ¹i

365 3394 415 3451 ga·
427 3386 513 3451 prout
524 3372 624 3435 diserte
639 3373 738 3433 Balliol.
753 3378 781 3435 &
796 3376 871 3433 Med.
899 3372 1022 3452 margine
1036 3374 1066 3432 in
1081 3389 1187 3433 textum
1200 3375 1329 3453 irrepsisse
1337 3294 1398 3455 Jijl}

368 3454 415 3510 Sic
449 3450 587 3527 Pharsalia
612 3455 699 3541 juga,
733 3450 869 3529 Pharſsalia
896 3458 1028 3541 Mortem
1044 3452 1149 3541 statuit:
1170 3454 1243 3531 quod
1262 3454 1320 3510 veri
1338 3471 1397 3541 non

367 3526 635 3606 daanna,Phar‚sa1ra
659 3549 734 3595 raara,
761 3529 868 3589 fimilia·
898 3528 1003 3586 videtur
1025 3530 1150 3589 absimile.
1191 3533 1272 3588 Certe
1302 3529 1397 3587 cundia

386 3627 422 3666 ue
437 3606 533 3684 paffim
549 3608 645 3666 dicunt
660 3610 767 3665 Poetae.
798 3608 869 3664 Vide
897 3609 1023 3670 Ciceronis
1042 3609 1132 3665 Mssti
1146 3612 1295 3685 angiportus
1317 3604 1399 3679 exhiq

367 3628 638 3828 &horbinstenon
652 3684 684 3741 ad
700 3687 802 3743 Lucani
818 3688 869 3745 VI,
897 3682 970 3742 bent.
1006 3690 1118 3741 Davies.

368 3765 630 3915 ¹⁷3⁸AnIgi'pi7rt'ns]
664 3840 745 3917 Legit
760 3840 869 3897 Nonius
896 3839 1084 3916 divinationis]
1120 3839 1214 3973 vulpe
1232 3836 1267 3908 (n
1288 3838 1398 3915 officium,

367 3919 518 3992 angiporta.
555 3917 587 3975 P.
599 3918 751 3977 Manutius.
899 3914 934 3985 όν
952 3935 1058 3975 munus.
1105 3917 1185 3993 Copu
1196 3934 1240 3973 am
1262 3935 1328 3974 vero
1347 3937 1399 3976 nos

376 4066 380 4073 1
408 3993 479 4051 lbid.
509 3996 608 4051 Nonius
643 3996 673 4053 in
701 3997 868 4070 angiportus:
898 3993 1043 4053 omisimus
1065 3995 1136 4051 MSti
1152 3994 1234 4070 Regii
1255 3992 1308 4051 fide
1323 3996 1400 4071 nixip

366 4075 408 4129 Μ.
424 4068 529 4136 Tullius
549 4071 580 4129 da
601 4074 772 4130 Divinatione
792 4073 870 4150 angi·
900 4069 944 4127 sed
960 4084 1092 4146 necextat
1112 4069 1182 4149 inira
1196 4070 1243 4146 libq
1257 4073 1296 4145 112
1308 4088 1333 4131 c.
1348 4091 1399 4147 52·

349 4130 449 4256 ¹iarn
463 4148 542 4223 aori.
576 4149 629 4233 an
643 4147 718 4230 brac
732 4148 871 4232 locarier
889 4147 981 4227 ron
1322 4196 1356 4291 ‘r
1377 4213 1412 4299 a

582 3781 610 3837 7.
625 3762 694 3839 823.
730 3764 842 3819 Davies.
932 3780 953 3835 4
970 3769 1028 3818 Non
1041 3760 1118 3838 potest
1130 3761 1239 3837 officium
1253 3760 1287 3830 όν
1300 3780 1399 3825 munao
